%% This BibTeX bibliography file was created using BibDesk.
%% https://bibdesk.sourceforge.io/

%% Created for Josh Steffen  at 2020-12-08 16:13:38 -0600 


%% Saved with string encoding Unicode (UTF-8) 



@article{Lacerda:2020,
	adsnote = {Provided by the SAO/NASA Astrophysics Data System},
	adsurl = {https://ui.adsabs.harvard.edu/abs/2020MNRAS.492.3073L},
	archiveprefix = {arXiv},
	author = {{Lacerda}, Eduardo A.~D. and {S{\'a}nchez}, Sebasti{\'a}n F. and {Cid Fernandes}, R. and {L{\'o}pez-Cob{\'a}}, Carlos and {Espinosa-Ponce}, Carlos and {Galbany}, L.},
	date-added = {2020-12-08 16:13:30 -0600},
	date-modified = {2020-12-08 16:13:36 -0600},
	doi = {10.1093/mnras/staa008},
	eprint = {2001.00099},
	journal = {\mnras},
	keywords = {galaxies: evolution, galaxies: nuclei, galaxies: star formation, Astrophysics - Astrophysics of Galaxies},
	month = mar,
	number = {3},
	pages = {3073-3090},
	primaryclass = {astro-ph.GA},
	title = {{Galaxies hosting an active galactic nucleus: a view from the CALIFA survey}},
	volume = {492},
	year = 2020,
	Bdsk-Url-1 = {https://doi.org/10.1093/mnras/staa008}}

@article{Sanchez:2018,
	adsnote = {Provided by the SAO/NASA Astrophysics Data System},
	adsurl = {https://ui.adsabs.harvard.edu/abs/2018RMxAA..54..217S},
	archiveprefix = {arXiv},
	author = {{S{\'a}nchez}, S.~F. and {Avila-Reese}, V. and {Hernandez-Toledo}, H. and {Cortes-Su{\'a}rez}, E. and {Rodr{\'\i}guez-Puebla}, A. and {Ibarra-Medel}, H. and {Cano-D{\'\i}az}, M. and {Barrera-Ballesteros}, J.~K. and {Negrete}, C.~A. and {Calette}, A.~R. and {de Lorenzo-C{\'a}ceres}, A. and {Ortega-Minakata}, R.~A. and {Aquino}, E. and {Valenzuela}, O. and {Clemente}, J.~C. and {Storchi-Bergmann}, T. and {Riffel}, R. and {Schimoia}, J. and {Riffel}, R.~A. and {Rembold}, S.~B. and {Brownstein}, J.~R. and {Pan}, K. and {Yates}, R. and {Mallmann}, N. and {Bitsakis}, T.},
	date-added = {2020-12-08 16:11:59 -0600},
	date-modified = {2020-12-08 16:12:20 -0600},
	eprint = {1709.05438},
	journal = {\rmxaa},
	keywords = {catalogues, galaxies: active, galaxies: evolution, galaxies: nuclei, galaxies: star formation, techniques: imaging spectroscopy, Astrophysics - Astrophysics of Galaxies},
	month = apr,
	pages = {217-260},
	primaryclass = {astro-ph.GA},
	title = {{SDSS IV MaNGA - Properties of AGN Host Galaxies}},
	volume = {54},
	year = 2018}

@article{Patton:2020,
	adsnote = {Provided by the SAO/NASA Astrophysics Data System},
	adsurl = {https://ui.adsabs.harvard.edu/abs/2020MNRAS.494.4969P},
	archiveprefix = {arXiv},
	author = {{Patton}, David R. and {Wilson}, Kieran D. and {Metrow}, Colin J. and {Ellison}, Sara L. and {Torrey}, Paul and {Brown}, Westley and {Hani}, Maan H. and {McAlpine}, Stuart and {Moreno}, Jorge and {Woo}, Joanna},
	date-added = {2020-10-02 14:55:07 -0500},
	date-modified = {2020-10-02 14:55:12 -0500},
	doi = {10.1093/mnras/staa913},
	eprint = {2003.00289},
	journal = {\mnras},
	keywords = {methods: data analysis, methods: numerical, galaxies: evolution, galaxies: interactions, galaxies: star formation, galaxies: statistics, Astrophysics - Astrophysics of Galaxies},
	month = apr,
	number = {4},
	pages = {4969-4985},
	primaryclass = {astro-ph.GA},
	title = {{Interacting galaxies in the IllustrisTNG simulations - I: Triggered star formation in a cosmological context}},
	volume = {494},
	year = 2020,
	Bdsk-Url-1 = {https://doi.org/10.1093/mnras/staa913}}

@article{Moreno:2015,
	adsnote = {Provided by the SAO/NASA Astrophysics Data System},
	adsurl = {https://ui.adsabs.harvard.edu/abs/2015MNRAS.448.1107M},
	archiveprefix = {arXiv},
	author = {{Moreno}, Jorge and {Torrey}, Paul and {Ellison}, Sara L. and {Patton}, David R. and {Bluck}, Asa F.~L. and {Bansal}, Gunjan and {Hernquist}, Lars},
	date-added = {2020-10-02 14:52:27 -0500},
	date-modified = {2020-10-02 14:52:33 -0500},
	doi = {10.1093/mnras/stv094},
	eprint = {1501.03573},
	journal = {\mnras},
	keywords = {galaxies: evolution, galaxies: formation, galaxies: interactions, galaxies: star formation, Astrophysics - Astrophysics of Galaxies, Astrophysics - Cosmology and Nongalactic Astrophysics},
	month = apr,
	number = {2},
	pages = {1107-1117},
	primaryclass = {astro-ph.GA},
	title = {{Mapping galaxy encounters in numerical simulations: the spatial extent of induced star formation}},
	volume = {448},
	year = 2015,
	Bdsk-Url-1 = {https://doi.org/10.1093/mnras/stv094}}

@article{Feng:2019,
	adsnote = {Provided by the SAO/NASA Astrophysics Data System},
	adsurl = {https://ui.adsabs.harvard.edu/abs/2019ApJ...880..114F},
	archiveprefix = {arXiv},
	author = {{Feng}, Shuai and {Shen}, Shi-Yin and {Yuan}, Fang-Ting and {Luo}, A. -Li and {Zhang}, Jian-Nan and {Wang}, Meng-Xin and {Wang}, Xia and {Li}, Yin-Bi and {Hou}, Wen and {Kong}, Xiao and {Guo}, Yan-Xin and {Zuo}, Fang},
	date-added = {2020-09-16 13:38:07 -0500},
	date-modified = {2020-09-16 13:38:13 -0500},
	doi = {10.3847/1538-4357/ab24da},
	eid = {114},
	eprint = {1905.07276},
	journal = {\apj},
	keywords = {galaxies: interactions, galaxies: luminosity function, mass function, Astrophysics - Astrophysics of Galaxies},
	month = aug,
	number = {2},
	pages = {114},
	primaryclass = {astro-ph.GA},
	title = {{Bivariate Luminosity Function of Galaxy Pairs}},
	volume = {880},
	year = 2019,
	Bdsk-Url-1 = {https://doi.org/10.3847/1538-4357/ab24da}}

@article{Li:2008,
	adsnote = {Provided by the SAO/NASA Astrophysics Data System},
	adsurl = {https://ui.adsabs.harvard.edu/abs/2008MNRAS.385.1903L},
	archiveprefix = {arXiv},
	author = {{Li}, Cheng and {Kauffmann}, Guinevere and {Heckman}, Timothy M. and {Jing}, Y.~P. and {White}, Simon D.~M.},
	date-added = {2020-08-19 12:11:14 -0500},
	date-modified = {2020-08-19 12:11:21 -0500},
	doi = {10.1111/j.1365-2966.2008.13000.x},
	eprint = {0711.3792},
	journal = {\mnras},
	keywords = {galaxies: clusters: general, galaxies: distances and redshifts, cosmology: theory, dark matter, large-scale structure of Universe, Astrophysics},
	month = apr,
	number = {4},
	pages = {1903-1914},
	primaryclass = {astro-ph},
	title = {{Interaction-induced star formation in a complete sample of {}10$^{5}$ nearby star-forming galaxies}},
	volume = {385},
	year = 2008,
	Bdsk-Url-1 = {https://doi.org/10.1111/j.1365-2966.2008.13000.x}}

@article{Ahumada:2020,
	adsnote = {Provided by the SAO/NASA Astrophysics Data System},
	adsurl = {https://ui.adsabs.harvard.edu/abs/2020ApJS..249....3A},
	archiveprefix = {arXiv},
	author = {{Ahumada}, Romina and {Prieto}, Carlos Allende and {Almeida}, Andr{\'e}s and {Anders}, Friedrich and {Anderson}, Scott F. and {Andrews}, Brett H. and {Anguiano}, Borja and {Arcodia}, Riccardo and {Armengaud}, Eric and {Aubert}, Marie and {Avila}, Santiago and {Avila-Reese}, Vladimir and {Badenes}, Carles and {Balland }, Christophe and {Barger}, Kat and {Barrera-Ballesteros}, Jorge K. and {Basu}, Sarbani and {Bautista}, Julian and {Beaton}, Rachael L. and {Beers}, Timothy C. and {Benavides}, B. Izamar T. and {Bender}, Chad F. and {Bernardi}, Mariangela and {Bershady}, Matthew and {Beutler}, Florian and {Bidin}, Christian Moni and {Bird}, Jonathan and {Bizyaev}, Dmitry and {Blanc}, Guillermo A. and {Blanton}, Michael R. and {Boquien}, M{\'e}d{\'e}ric and {Borissova}, Jura and {Bovy}, Jo and {Brand t}, W.~N. and {Brinkmann}, Jonathan and {Brownstein}, Joel R. and {Bundy}, Kevin and {Bureau}, Martin and {Burgasser}, Adam and {Burtin}, Etienne and {Cano-D{\'\i}az}, Mariana and {Capasso}, Raffaella and {Cappellari}, Michele and {Carrera}, Ricardo and {Chabanier}, Sol{\`e}ne and {Chaplin}, William and {Chapman}, Michael and {Cherinka}, Brian and {Chiappini}, Cristina and {Doohyun Choi}, Peter and {Chojnowski}, S. Drew and {Chung}, Haeun and {Clerc}, Nicolas and {Coffey}, Damien and {Comerford}, Julia M. and {Comparat}, Johan and {da Costa}, Luiz and {Cousinou}, Marie-Claude and {Covey}, Kevin and {Crane}, Jeffrey D. and {Cunha}, Katia and {Ilha}, Gabriele da Silva and {Dai}, Yu Sophia and {Damsted}, Sanna B. and {Darling}, Jeremy and {Davidson}, James W., Jr. and {Davies}, Roger and {Dawson}, Kyle and {De}, Nikhil and {de la Macorra}, Axel and {De Lee}, Nathan and {Queiroz}, Anna B{\'a}rbara de Andrade and {Deconto Machado}, Alice and {de la Torre}, Sylvain and {Dell'Agli}, Flavia and {du Mas des Bourboux}, H{\'e}lion and {Diamond-Stanic}, Aleksandar M. and {Dillon}, Sean and {Donor}, John and {Drory}, Niv and {Duckworth}, Chris and {Dwelly}, Tom and {Ebelke}, Garrett and {Eftekharzadeh}, Sarah and {Davis Eigenbrot}, Arthur and {Elsworth}, Yvonne P. and {Eracleous}, Mike and {Erfanianfar}, Ghazaleh and {Escoffier}, Stephanie and {Fan}, Xiaohui and {Farr}, Emily and {Fern{\'a}ndez-Trincado}, Jos{\'e} G. and {Feuillet}, Diane and {Finoguenov}, Alexis and {Fofie}, Patricia and {Fraser-McKelvie}, Amelia and {Frinchaboy}, Peter M. and {Fromenteau}, Sebastien and {Fu}, Hai and {Galbany}, Llu{\'\i}s and {Garcia}, Rafael A. and {Garc{\'\i}a-Hern{\'a}ndez}, D.~A. and {Oehmichen}, Luis Alberto Garma and {Ge}, Junqiang and {Maia}, Marcio Antonio Geimba and {Geisler}, Doug and {Gelfand }, Joseph and {Goddy}, Julian and {Gonzalez-Perez}, Violeta and {Grabowski}, Kathleen and {Green}, Paul and {Grier}, Catherine J. and {Guo}, Hong and {Guy}, Julien and {Harding}, Paul and {Hasselquist}, Sten and {Hawken}, Adam James and {Hayes}, Christian R. and {Hearty}, Fred and {Hekker}, S. and {Hogg}, David W. and {Holtzman}, Jon A. and {Horta}, Danny and {Hou}, Jiamin and {Hsieh}, Bau-Ching and {Huber}, Daniel and {Hunt}, Jason A.~S. and {Chitham}, J. Ider and {Imig}, Julie and {Jaber}, Mariana and {Angel}, Camilo Eduardo Jimenez and {Johnson}, Jennifer A. and {Jones}, Amy M. and {J{\"o}nsson}, Henrik and {Jullo}, Eric and {Kim}, Yerim and {Kinemuchi}, Karen and {Kirkpatrick}, Charles C., IV and {Kite}, George W. and {Klaene}, Mark and {Kneib}, Jean-Paul and {Kollmeier}, Juna A. and {Kong}, Hui and {Kounkel}, Marina and {Krishnarao}, Dhanesh and {Lacerna}, Ivan and {Lan}, Ting-Wen and {Lane}, Richard R. and {Law}, David R. and {Le Goff}, Jean-Marc and {Leung}, Henry W. and {Lewis}, Hannah and {Li}, Cheng and {Lian}, Jianhui and {Lin}, Lihwai and {Long}, Dan and {Longa-Pe{\~n}a}, Pen{\'e}lope and {Lundgren}, Britt and {Lyke}, Brad W. and {Ted Mackereth}, J. and {MacLeod}, Chelsea L. and {Majewski}, Steven R. and {Manchado}, Arturo and {Maraston}, Claudia and {Martini}, Paul and {Masseron}, Thomas and {Masters}, Karen L. and {Mathur}, Savita and {McDermid}, Richard M. and {Merloni}, Andrea and {Merrifield}, Michael and {M{\'e}sz{\'a}ros}, Szabolcs and {Miglio}, Andrea and {Minniti}, Dante and {Minsley}, Rebecca and {Miyaji}, Takamitsu and {Mohammad}, Faizan Gohar and {Mosser}, Benoit and {Mueller}, Eva-Maria and {Muna}, Demitri and {Mu{\~n}oz-Guti{\'e}rrez}, Andrea and {Myers}, Adam D. and {Nadathur}, Seshadri and {Nair}, Preethi and {Nandra}, Kirpal and {do Nascimento}, Janaina Correa and {Nevin}, Rebecca Jean and {Newman}, Jeffrey A. and {Nidever}, David L. and {Nitschelm}, Christian and {Noterdaeme}, Pasquier and {O'Connell}, Julia E. and {Olmstead}, Matthew D. and {Oravetz}, Daniel and {Oravetz}, Audrey and {Osorio}, Yeisson and {Pace}, Zachary J. and {Padilla}, Nelson and {Palanque-Delabrouille}, Nathalie and {Palicio}, Pedro A. and {Pan}, Hsi-An and {Pan}, Kaike and {Parker}, James and {Paviot}, Romain and {Peirani}, Sebastien and {Ram{\'r}ez}, Karla Pe{\~n}a and {Penny}, Samantha and {Percival}, Will J. and {Perez-Fournon}, Ismael and {P{\'e}rez-R{\`a}fols}, Ignasi and {Petitjean}, Patrick and {Pieri}, Matthew M. and {Pinsonneault}, Marc and {Poovelil}, Vijith Jacob and {Povick}, Joshua Tyler and {Prakash}, Abhishek and {Price-Whelan}, Adrian M. and {Raddick}, M. Jordan and {Raichoor}, Anand and {Ray}, Amy and {Rembold}, Sandro Barboza and {Rezaie}, Mehdi and {Riffel}, Rogemar A. and {Riffel}, Rog{\'e}rio and {Rix}, Hans-Walter and {Robin}, Annie C. and {Roman-Lopes}, A. and {Rom{\'a}n-Z{\'u}{\~n}iga}, Carlos and {Rose}, Benjamin and {Ross}, Ashley J. and {Rossi}, Graziano and {Rowland s}, Kate and {Rubin}, Kate H.~R. and {Salvato}, Mara and {S{\'a}nchez}, Ariel G. and {S{\'a}nchez-Menguiano}, Laura and {S{\'a}nchez-Gallego}, Jos{\'e} R. and {Sayres}, Conor and {Schaefer}, Adam and {Schiavon}, Ricardo P. and {Schimoia}, Jaderson S. and {Schlafly}, Edward and {Schlegel}, David and {Schneider}, Donald P. and {Schultheis}, Mathias and {Schwope}, Axel and {Seo}, Hee-Jong and {Serenelli}, Aldo and {Shafieloo}, Arman and {Shamsi}, Shoaib Jamal and {Shao}, Zhengyi and {Shen}, Shiyin and {Shetrone}, Matthew and {Shirley}, Raphael and {Aguirre}, V{\'\i}ctor Silva and {Simon}, Joshua D. and {Skrutskie}, M.~F. and {Slosar}, An{\v{z}}e and {Smethurst}, Rebecca and {Sobeck}, Jennifer and {Sodi}, Bernardo Cervantes and {Souto}, Diogo and {Stark}, David V. and {Stassun}, Keivan G. and {Steinmetz}, Matthias and {Stello}, Dennis and {Stermer}, Julianna and {Storchi-Bergmann}, Thaisa and {Streblyanska}, Alina and {Stringfellow}, Guy S. and {Stutz}, Amelia and {Su{\'a}rez}, Genaro and {Sun}, Jing and {Taghizadeh-Popp}, Manuchehr and {Talbot}, Michael S. and {Tayar}, Jamie and {Thakar}, Aniruddha R. and {Theriault}, Riley and {Thomas}, Daniel and {Thomas}, Zak C. and {Tinker}, Jeremy and {Tojeiro}, Rita and {Toledo}, Hector Hernandez and {Tremonti}, Christy A. and {Troup}, Nicholas W. and {Tuttle}, Sarah and {Unda-Sanzana}, Eduardo and {Valentini}, Marica and {Vargas-Gonz{\'a}lez}, Jaime and {Vargas-Maga{\~n}a}, Mariana and {V{\'a}zquez-Mata}, Jose Antonio and {Vivek}, M. and {Wake}, David and {Wang}, Yuting and {Weaver}, Benjamin Alan and {Weijmans}, Anne-Marie and {Wild}, Vivienne and {Wilson}, John C. and {Wilson}, Robert F. and {Wolthuis}, Nathan and {Wood-Vasey}, W.~M. and {Yan}, Renbin and {Yang}, Meng and {Y{\`e}che}, Christophe and {Zamora}, Olga and {Zarrouk}, Pauline and {Zasowski}, Gail and {Zhang}, Kai and {Zhao}, Cheng and {Zhao}, Gongbo and {Zheng}, Zheng and {Zheng}, Zheng and {Zhu}, Guangtun and {Zou}, Hu},
	date-added = {2020-07-17 12:37:31 -0500},
	date-modified = {2020-07-17 12:37:37 -0500},
	doi = {10.3847/1538-4365/ab929e},
	eid = {3},
	eprint = {1912.02905},
	journal = {\apjs},
	keywords = {UAT:786, UAT:2002, UAT:1630, UAT:83, UAT:1624, UAT:1174, UAT:1378, Astrophysics - Astrophysics of Galaxies, Astrophysics - Cosmology and Nongalactic Astrophysics, Astrophysics - Instrumentation and Methods for Astrophysics},
	month = jul,
	number = {1},
	pages = {3},
	primaryclass = {astro-ph.GA},
	title = {{The 16th Data Release of the Sloan Digital Sky Surveys: First Release from the APOGEE-2 Southern Survey and Full Release of eBOSS Spectra}},
	volume = {249},
	year = 2020,
	Bdsk-Url-1 = {https://doi.org/10.3847/1538-4365/ab929e}}

@article{Bustamante:2020,
	adsnote = {Provided by the SAO/NASA Astrophysics Data System},
	adsurl = {https://ui.adsabs.harvard.edu/abs/2020MNRAS.494.3469B},
	archiveprefix = {arXiv},
	author = {{Bustamante}, Sebasti{\'a}n and {Ellison}, Sara L. and {Patton}, David R. and {Sparre}, Martin},
	date-added = {2020-07-10 12:16:00 -0500},
	date-modified = {2020-07-10 12:16:07 -0500},
	doi = {10.1093/mnras/staa1025},
	eprint = {2004.06121},
	journal = {\mnras},
	keywords = {galaxies: abundances, galaxies: evolution, galaxies: interactions, galaxies: star formation, Astrophysics - Astrophysics of Galaxies},
	month = apr,
	number = {3},
	pages = {3469-3480},
	primaryclass = {astro-ph.GA},
	title = {{Galaxy pairs in the Sloan Digital Sky Survey - XIV. Galaxy mergers do not lie on the fundamental metallicity relation}},
	volume = {494},
	year = 2020,
	Bdsk-Url-1 = {https://doi.org/10.1093/mnras/staa1025}}

@article{Marmol-Queralto:2016,
	adsnote = {Provided by the SAO/NASA Astrophysics Data System},
	adsurl = {https://ui.adsabs.harvard.edu/abs/2016MNRAS.460.3587M},
	archiveprefix = {arXiv},
	author = {{M{\'a}rmol-Queralt{\'o}}, E. and {McLure}, R.~J. and {Cullen}, F. and {Dunlop}, J.~S. and {Fontana}, A. and {McLeod}, D.~J.},
	date-added = {2020-04-30 21:09:33 -0500},
	date-modified = {2020-04-30 21:09:39 -0500},
	doi = {10.1093/mnras/stw1212},
	eprint = {1511.01911},
	journal = {\mnras},
	keywords = {galaxies: evolution, galaxies: high-redshift, Astrophysics - Astrophysics of Galaxies, Astrophysics - Cosmology and Nongalactic Astrophysics},
	month = aug,
	number = {4},
	pages = {3587-3597},
	primaryclass = {astro-ph.GA},
	title = {{The evolution of the equivalent width of the H{\ensuremath{\alpha}} emission line and specific star formation rate in star-forming galaxies at 1 \&lt; z \&lt; 5}},
	volume = {460},
	year = 2016,
	Bdsk-Url-1 = {https://doi.org/10.1093/mnras/stw1212}}

@article{Noeske:2007,
	adsnote = {Provided by the SAO/NASA Astrophysics Data System},
	adsurl = {https://ui.adsabs.harvard.edu/abs/2007ApJ...660L..43N},
	archiveprefix = {arXiv},
	author = {{Noeske}, K.~G. and {Weiner}, B.~J. and {Faber}, S.~M. and {Papovich}, C. and {Koo}, D.~C. and {Somerville}, R.~S. and {Bundy}, K. and {Conselice}, C.~J. and {Newman}, J.~A. and {Schiminovich}, D. and {Le Floc'h}, E. and {Coil}, A.~L. and {Rieke}, G.~H. and {Lotz}, J.~M. and {Primack}, J.~R. and {Barmby}, P. and {Cooper}, M.~C. and {Davis}, M. and {Ellis}, R.~S. and {Fazio}, G.~G. and {Guhathakurta}, P. and {Huang}, J. and {Kassin}, S.~A. and {Martin}, D.~C. and {Phillips}, A.~C. and {Rich}, R.~M. and {Small}, T.~A. and {Willmer}, C.~N.~A. and {Wilson}, G.},
	date-added = {2020-04-24 17:48:49 -0500},
	date-modified = {2020-04-24 17:48:54 -0500},
	doi = {10.1086/517926},
	eprint = {astro-ph/0701924},
	journal = {\apjl},
	keywords = {Galaxies: Evolution, Galaxies: Formation, Galaxies: High-Redshift, Galaxies: Starburst, Astrophysics},
	month = may,
	number = {1},
	pages = {L43-L46},
	primaryclass = {astro-ph},
	title = {{Star Formation in AEGIS Field Galaxies since z=1.1: The Dominance of Gradually Declining Star Formation, and the Main Sequence of Star-forming Galaxies}},
	volume = {660},
	year = 2007,
	Bdsk-Url-1 = {https://doi.org/10.1086/517926}}

@article{Martin:2004,
	adsnote = {Provided by the SAO/NASA Astrophysics Data System},
	adsurl = {https://ui.adsabs.harvard.edu/abs/2004MNRAS.348...12M},
	archiveprefix = {arXiv},
	author = {{Martin}, N.~F. and {Ibata}, R.~A. and {Bellazzini}, M. and {Irwin}, M.~J. and {Lewis}, G.~F. and {Dehnen}, W.},
	date-added = {2020-03-31 14:29:53 -0500},
	date-modified = {2020-03-31 14:30:05 -0500},
	doi = {10.1111/j.1365-2966.2004.07331.x},
	eprint = {astro-ph/0311010},
	journal = {\mnras},
	keywords = {Galaxy: formation, Galaxy: structure, galaxies: interactions, Astrophysics},
	month = feb,
	number = {1},
	pages = {12-23},
	primaryclass = {astro-ph},
	title = {{A dwarf galaxy remnant in Canis Major: the fossil of an in-plane accretion on to the Milky Way}},
	volume = {348},
	year = 2004,
	Bdsk-Url-1 = {https://doi.org/10.1111/j.1365-2966.2004.07331.x}}

@article{Chandrasekhar:1943,
	adsnote = {Provided by the SAO/NASA Astrophysics Data System},
	adsurl = {https://ui.adsabs.harvard.edu/abs/1943ApJ....97..255C},
	author = {{Chandrasekhar}, S.},
	date-added = {2020-03-31 13:33:51 -0500},
	date-modified = {2020-03-31 13:34:00 -0500},
	doi = {10.1086/144517},
	journal = {\apj},
	month = mar,
	pages = {255},
	title = {{Dynamical Friction. I. General Considerations: the Coefficient of Dynamical Friction.}},
	volume = {97},
	year = 1943,
	Bdsk-Url-1 = {https://doi.org/10.1086/144517}}

@article{White:1978,
	adsnote = {Provided by the SAO/NASA Astrophysics Data System},
	adsurl = {https://ui.adsabs.harvard.edu/abs/1978MNRAS.183..341W},
	author = {{White}, S.~D.~M. and {Rees}, M.~J.},
	date-added = {2020-03-31 13:32:33 -0500},
	date-modified = {2020-03-31 13:32:45 -0500},
	doi = {10.1093/mnras/183.3.341},
	journal = {\mnras},
	keywords = {Astronomical Models, Galactic Clusters, Galactic Evolution, Galactic Nuclei, Gravitational Effects, Halos, Critical Mass, Dark Matter, Dynamic Models, Interstellar Gas, Luminosity, Many Body Problem, Red Shift, Astrophysics, Formation:Galaxies},
	month = may,
	pages = {341-358},
	title = {{Core condensation in heavy halos: a two-stage theory for galaxy formation and clustering.}},
	volume = {183},
	year = 1978,
	Bdsk-Url-1 = {https://doi.org/10.1093/mnras/183.3.341}}

@article{Zwicky:1959,
	adsnote = {Provided by the SAO/NASA Astrophysics Data System},
	adsurl = {https://ui.adsabs.harvard.edu/abs/1959HDP....53..373Z},
	author = {{Zwicky}, Fritz},
	date-added = {2020-03-30 16:55:56 -0500},
	date-modified = {2020-03-31 13:32:45 -0500},
	doi = {10.1007/978-3-642-45932-0_9},
	journal = {Handbuch der Physik},
	month = jan,
	pages = {373},
	title = {{Multiple Galaxies.}},
	volume = {53},
	year = 1959,
	Bdsk-Url-1 = {https://doi.org/10.1007/978-3-642-45932-0_9}}

@article{Boylan-Kolchin:2008,
	adsnote = {Provided by the SAO/NASA Astrophysics Data System},
	adsurl = {https://ui.adsabs.harvard.edu/abs/2008MNRAS.383...93B},
	archiveprefix = {arXiv},
	author = {{Boylan-Kolchin}, Michael and {Ma}, Chung-Pei and {Quataert}, Eliot},
	date-added = {2020-03-27 13:42:21 -0500},
	date-modified = {2020-03-31 13:32:45 -0500},
	doi = {10.1111/j.1365-2966.2007.12530.x},
	eprint = {0707.2960},
	journal = {\mnras},
	keywords = {galaxies: evolution, galaxies: formation, Astrophysics},
	month = jan,
	number = {1},
	pages = {93-101},
	primaryclass = {astro-ph},
	title = {{Dynamical friction and galaxy merging time-scales}},
	volume = {383},
	year = 2008,
	Bdsk-Url-1 = {https://doi.org/10.1111/j.1365-2966.2007.12530.x}}

@article{Schaefer:2020,
	adsnote = {Provided by the SAO/NASA Astrophysics Data System},
	adsurl = {https://ui.adsabs.harvard.edu/abs/2020ApJ...890L...3S},
	archiveprefix = {arXiv},
	author = {{Schaefer}, Adam L. and {Tremonti}, Christy and {Belfiore}, Francesco and {Pace}, Zachary and {Bershady}, Matthew A. and {Andrews}, Brett H. and {Drory}, Niv},
	date-added = {2020-03-26 17:21:18 -0500},
	date-modified = {2020-03-31 13:32:45 -0500},
	doi = {10.3847/2041-8213/ab6f06},
	eid = {L3},
	eprint = {1911.00581},
	journal = {\apjl},
	keywords = {Astrophysics - Astrophysics of Galaxies},
	month = feb,
	number = {1},
	pages = {L3},
	primaryclass = {astro-ph.GA},
	title = {{SDSS-IV MaNGA: Variations in the N/O─O/H Relation Bias Metallicity Gradient Measurements}},
	volume = {890},
	year = 2020,
	Bdsk-Url-1 = {https://doi.org/10.3847/2041-8213/ab6f06}}

@article{Schaefer:2019,
	adsnote = {Provided by the SAO/NASA Astrophysics Data System},
	adsurl = {https://ui.adsabs.harvard.edu/abs/2019ApJ...884..156S},
	archiveprefix = {arXiv},
	author = {{Schaefer}, Adam L. and {Tremonti}, Christy and {Pace}, Zachary and {Belfiore}, Francesco and {Argudo-Fernandez}, Maria and {Bershady}, Matthew A. and {Drory}, Niv and {Jones}, Amy and {Maiolino}, Roberto and {Stark}, David and {Wake}, David and {Yan}, Renbin},
	date-added = {2020-03-26 17:21:18 -0500},
	date-modified = {2020-03-31 13:32:45 -0500},
	doi = {10.3847/1538-4357/ab43ca},
	eid = {156},
	eprint = {1909.04738},
	journal = {\apj},
	keywords = {Metallicity, Intergalactic abundances, Galactic abundances, Scaling relations, Intergalactic gas, Galaxy accretion, Spectroscopy, Galaxy environments, Galaxy evolution, Astrophysics - Astrophysics of Galaxies},
	month = oct,
	number = {2},
	pages = {156},
	primaryclass = {astro-ph.GA},
	title = {{SDSS-IV MaNGA: Evidence for Enriched Accretion onto Satellite Galaxies in Dense Environments}},
	volume = {884},
	year = 2019,
	Bdsk-Url-1 = {https://doi.org/10.3847/1538-4357/ab43ca}}

@article{Pan:2019,
	adsnote = {Provided by the SAO/NASA Astrophysics Data System},
	adsurl = {https://ui.adsabs.harvard.edu/abs/2019ApJ...881..119P},
	archiveprefix = {arXiv},
	author = {{Pan}, Hsi-An and {Lin}, Lihwai and {Hsieh}, Bau-Ching and {Barrera-Ballesteros}, Jorge K. and {S{\'a}nchez}, Sebasti{\'a}n F. and {Hsu}, Chin-Hao and {Keenan}, Ryan and {Tissera}, Patricia B. and {Boquien}, M{\'e}d{\'e}ric and {Dai}, Y. Sophia and {Knapen}, Johan H. and {Riffel}, Rog{\'e}rio and {Argudo-Fern{\'a}ndez}, Maria and {Xiao}, Ting and {Yuan}, Fang-Ting},
	date-added = {2020-03-26 17:21:18 -0500},
	date-modified = {2020-03-31 13:32:45 -0500},
	doi = {10.3847/1538-4357/ab311c},
	eid = {119},
	eprint = {1907.04491},
	journal = {\apj},
	keywords = {galaxies: evolution, galaxies: interactions, galaxies: starburst, galaxies: star formation, Astrophysics - Astrophysics of Galaxies},
	month = aug,
	number = {2},
	pages = {119},
	primaryclass = {astro-ph.GA},
	title = {{SDSS-IV MaNGA: Spatial Evolution of Star Formation Triggered by Galaxy Interactions}},
	volume = {881},
	year = 2019,
	Bdsk-Url-1 = {https://doi.org/10.3847/1538-4357/ab311c}}

@article{Sanchez:2019,
	adsnote = {Provided by the SAO/NASA Astrophysics Data System},
	adsurl = {https://ui.adsabs.harvard.edu/abs/2019MNRAS.484.3042S},
	archiveprefix = {arXiv},
	author = {{S{\'a}nchez}, S.~F. and {Barrera-Ballesteros}, J.~K. and {L{\'o}pez-Cob{\'a}}, C. and {Brough}, S. and {Bryant}, J.~J. and {Bland -Hawthorn}, J. and {Croom}, S.~M. and {van de Sande}, J. and {Cortese}, L. and {Goodwin}, M. and {Lawrence}, J.~S. and {L{\'o}pez-S{\'a}nchez}, A.~R. and {Sweet}, S.~M. and {Owers}, M.~S. and {Richards}, S.~N. and {Walcher}, C.~J.},
	date-added = {2020-03-26 17:21:18 -0500},
	date-modified = {2020-03-31 13:32:45 -0500},
	doi = {10.1093/mnras/stz019},
	eprint = {1812.11263},
	journal = {\mnras},
	keywords = {techniques: spectroscopic, galaxies: abundances, galaxies: evolution, galaxies: ISM, Astrophysics - Astrophysics of Galaxies},
	month = apr,
	number = {3},
	pages = {3042-3070},
	primaryclass = {astro-ph.GA},
	title = {{The SAMI galaxy survey: exploring the gas-phase mass-metallicity relation}},
	volume = {484},
	year = 2019,
	Bdsk-Url-1 = {https://doi.org/10.1093/mnras/stz019}}

@article{Thorp:2019,
	adsnote = {Provided by the SAO/NASA Astrophysics Data System},
	adsurl = {https://ui.adsabs.harvard.edu/abs/2019MNRAS.482L..55T},
	archiveprefix = {arXiv},
	author = {{Thorp}, Mallory D. and {Ellison}, Sara L. and {Simard}, Luc and {S{\'a}nchez}, Sebastian F. and {Antonio}, Braulio},
	date-added = {2020-03-26 17:21:18 -0500},
	date-modified = {2020-03-31 13:32:45 -0500},
	doi = {10.1093/mnrasl/sly185},
	eprint = {1810.00897},
	journal = {\mnras},
	keywords = {galaxies: abundances, galaxies: evolution, galaxies: interactions, galaxies: star formation, Astrophysics - Astrophysics of Galaxies},
	month = jan,
	number = {1},
	pages = {L55-L59},
	primaryclass = {astro-ph.GA},
	title = {{Spatially resolved star formation and metallicity profiles in post-merger galaxies from MaNGA}},
	volume = {482},
	year = 2019,
	Bdsk-Url-1 = {https://doi.org/10.1093/mnrasl/sly185}}

@article{Christensen:2018,
	adsnote = {Provided by the SAO/NASA Astrophysics Data System},
	adsurl = {https://ui.adsabs.harvard.edu/abs/2018ApJ...867..142C},
	archiveprefix = {arXiv},
	author = {{Christensen}, Charlotte R. and {Dav{\'e}}, Romeel and {Brooks}, Alyson and {Quinn}, Thomas and {Shen}, Sijing},
	date-added = {2020-03-26 17:21:18 -0500},
	date-modified = {2020-03-31 13:32:45 -0500},
	doi = {10.3847/1538-4357/aae374},
	eid = {142},
	eprint = {1808.07872},
	journal = {\apj},
	keywords = {galaxies: abundances, galaxies: evolution, intergalactic medium, methods: numerical, Astrophysics - Astrophysics of Galaxies},
	month = nov,
	number = {2},
	pages = {142},
	primaryclass = {astro-ph.GA},
	title = {{Tracing Outflowing Metals in Simulations of Dwarf and Spiral Galaxies}},
	volume = {867},
	year = 2018,
	Bdsk-Url-1 = {https://doi.org/10.3847/1538-4357/aae374}}

@article{Rowlands:2018,
	adsnote = {Provided by the SAO/NASA Astrophysics Data System},
	adsurl = {https://ui.adsabs.harvard.edu/abs/2018MNRAS.480.2544R},
	archiveprefix = {arXiv},
	author = {{Rowlands}, K. and {Heckman}, T. and {Wild}, V. and {Zakamska}, N.~L. and {Rodriguez-Gomez}, V. and {Barrera-Ballesteros}, J. and {Lotz}, J. and {Thilker}, D. and {Andrews}, B.~H. and {Boquien}, M. and {Brinkmann}, J. and {Brownstein}, J.~R. and {Hwang}, H. -C. and {Smethurst}, R.},
	date-added = {2020-03-26 17:21:18 -0500},
	date-modified = {2020-03-31 13:32:45 -0500},
	doi = {10.1093/mnras/sty1916},
	eprint = {1807.06066},
	journal = {\mnras},
	keywords = {galaxies: evolution, galaxies: interactions, galaxies: ISM, galaxies: starburst, galaxies: star formation, galaxies: abundances, Astrophysics - Astrophysics of Galaxies},
	month = oct,
	number = {2},
	pages = {2544-2561},
	primaryclass = {astro-ph.GA},
	title = {{SDSS-IV MaNGA: spatially resolved star formation histories and the connection to galaxy physical properties}},
	volume = {480},
	year = 2018,
	Bdsk-Url-1 = {https://doi.org/10.1093/mnras/sty1916}}

@article{Poetrodjojo:2018,
	adsnote = {Provided by the SAO/NASA Astrophysics Data System},
	adsurl = {https://ui.adsabs.harvard.edu/abs/2018MNRAS.479.5235P},
	archiveprefix = {arXiv},
	author = {{Poetrodjojo}, Henry and {Groves}, Brent and {Kewley}, Lisa J. and {Medling}, Anne M. and {Sweet}, Sarah M. and {van de Sande}, Jesse and {Sanchez}, Sebastian F. and {Bland-Hawthorn}, Joss and {Brough}, Sarah and {Bryant}, Julia J. and {Cortese}, Luca and {Croom}, Scott M. and {L{\'o}pez-S{\'a}nchez}, {\'A}ngel R. and {Richards}, Samuel N. and {Zafar}, Tayyaba and {Lawrence}, Jon S. and {Lorente}, Nuria P.~F. and {Owers}, Matt S. and {Scott}, Nicholas},
	date-added = {2020-03-26 17:21:18 -0500},
	date-modified = {2020-03-31 13:32:45 -0500},
	doi = {10.1093/mnras/sty1782},
	eprint = {1807.01522},
	journal = {\mnras},
	keywords = {galaxies: abundances, galaxies: ISM, Astrophysics - Astrophysics of Galaxies},
	month = oct,
	number = {4},
	pages = {5235-5265},
	primaryclass = {astro-ph.GA},
	title = {{The SAMI Galaxy Survey: Spatially resolved metallicity and ionization mapping}},
	volume = {479},
	year = 2018,
	Bdsk-Url-1 = {https://doi.org/10.1093/mnras/sty1782}}

@article{Belfiore:2018,
	adsnote = {Provided by the SAO/NASA Astrophysics Data System},
	adsurl = {https://ui.adsabs.harvard.edu/abs/2018MNRAS.477.3014B},
	archiveprefix = {arXiv},
	author = {{Belfiore}, Francesco and {Maiolino}, Roberto and {Bundy}, Kevin and {Masters}, Karen and {Bershady}, Matthew and {Oyarz{\'u}n}, Grecco A. and {Lin}, Lihwai and {Cano-Diaz}, Mariana and {Wake}, David and {Spindler}, Ashley and {Thomas}, Daniel and {Brownstein}, Joel R. and {Drory}, Niv and {Yan}, Renbin},
	date-added = {2020-03-26 17:21:18 -0500},
	date-modified = {2020-03-31 13:32:45 -0500},
	doi = {10.1093/mnras/sty768},
	eprint = {1710.05034},
	journal = {\mnras},
	keywords = {galaxies: evolution, galaxies: fundamental parameters, galaxies: ISM, Astrophysics - Astrophysics of Galaxies},
	month = jul,
	number = {3},
	pages = {3014-3029},
	primaryclass = {astro-ph.GA},
	title = {{SDSS IV MaNGA - sSFR profiles and the slow quenching of discs in green valley galaxies}},
	volume = {477},
	year = 2018,
	Bdsk-Url-1 = {https://doi.org/10.1093/mnras/sty768}}

@article{Spindler:2018,
	adsnote = {Provided by the SAO/NASA Astrophysics Data System},
	adsurl = {https://ui.adsabs.harvard.edu/abs/2018MNRAS.476..580S},
	archiveprefix = {arXiv},
	author = {{Spindler}, Ashley and {Wake}, David and {Belfiore}, Francesco and {Bershady}, Matthew and {Bundy}, Kevin and {Drory}, Niv and {Masters}, Karen and {Thomas}, Daniel and {Westfall}, Kyle and {Wild}, Vivienne},
	date-added = {2020-03-26 17:21:18 -0500},
	date-modified = {2020-03-31 13:32:45 -0500},
	doi = {10.1093/mnras/sty247},
	eprint = {1710.05049},
	journal = {\mnras},
	keywords = {galaxies: bulges, galaxies: clusters: general, galaxies: evolution, galaxies: groups: general, galaxies: star formation, galaxies: structure, Astrophysics - Astrophysics of Galaxies},
	month = may,
	number = {1},
	pages = {580-600},
	primaryclass = {astro-ph.GA},
	title = {{SDSS-IV MaNGA: the spatial distribution of star formation and its dependence on mass, structure, and environment}},
	volume = {476},
	year = 2018,
	Bdsk-Url-1 = {https://doi.org/10.1093/mnras/sty247}}

@article{Abolfathi:2018,
	adsnote = {Provided by the SAO/NASA Astrophysics Data System},
	adsurl = {https://ui.adsabs.harvard.edu/abs/2018ApJS..235...42A},
	archiveprefix = {arXiv},
	author = {{Abolfathi}, Bela and {Aguado}, D.~S. and {Aguilar}, Gabriela and {Allende Prieto}, Carlos and {Almeida}, Andres and {Ananna}, Tonima Tasnim and {Anders}, Friedrich and {Anderson}, Scott F. and {Andrews}, Brett H. and {Anguiano}, Borja and {Arag{\'o}n-Salamanca}, Alfonso and {Argudo-Fern{\'a}ndez}, Maria and {Armengaud}, Eric and {Ata}, Metin and {Aubourg}, Eric and {Avila-Reese}, Vladimir and {Badenes}, Carles and {Bailey}, Stephen and {Balland}, Christophe and {Barger}, Kathleen A. and {Barrera-Ballesteros}, Jorge and {Bartosz}, Curtis and {Bastien}, Fabienne and {Bates}, Dominic and {Baumgarten}, Falk and {Bautista}, Julian and {Beaton}, Rachael and {Beers}, Timothy C. and {Belfiore}, Francesco and {Bender}, Chad F. and {Bernardi}, Mariangela and {Bershady}, Matthew A. and {Beutler}, Florian and {Bird}, Jonathan C. and {Bizyaev}, Dmitry and {Blanc}, Guillermo A. and {Blanton}, Michael R. and {Blomqvist}, Michael and {Bolton}, Adam S. and {Boquien}, M{\'e}d{\'e}ric and {Borissova}, Jura and {Bovy}, Jo and {Bradna Diaz}, Christian Andres and {Brandt}, William Nielsen and {Brinkmann}, Jonathan and {Brownstein}, Joel R. and {Bundy}, Kevin and {Burgasser}, Adam J. and {Burtin}, Etienne and {Busca}, Nicol{\'a}s G. and {Ca{\~n}as}, Caleb I. and {Cano-D{\'\i}az}, Mariana and {Cappellari}, Michele and {Carrera}, Ricardo and {Casey}, Andrew R. and {Cervantes Sodi}, Bernardo and {Chen}, Yanping and {Cherinka}, Brian and {Chiappini}, Cristina and {Choi}, Peter Doohyun and {Chojnowski}, Drew and {Chuang}, Chia-Hsun and {Chung}, Haeun and {Clerc}, Nicolas and {Cohen}, Roger E. and {Comerford}, Julia M. and {Comparat}, Johan and {Correa do Nascimento}, Janaina and {da Costa}, Luiz and {Cousinou}, Marie-Claude and {Covey}, Kevin and {Crane}, Jeffrey D. and {Cruz-Gonzalez}, Irene and {Cunha}, Katia and {da Silva Ilha}, Gabriele and {Damke}, Guillermo J. and {Darling}, Jeremy and {Davidson}, James W., Jr. and {Dawson}, Kyle and {de Icaza Lizaola}, Miguel Angel C. and {de la Macorra}, Axel and {de la Torre}, Sylvain and {De Lee}, Nathan and {de Sainte Agathe}, Victoria and {Deconto Machado}, Alice and {Dell'Agli}, Flavia and {Delubac}, Timoth{\'e}e and {Diamond-Stanic}, Aleksandar M. and {Donor}, John and {Downes}, Juan Jos{\'e} and {Drory}, Niv and {du Mas des Bourboux}, H{\'e}lion and {Duckworth}, Christopher J. and {Dwelly}, Tom and {Dyer}, Jamie and {Ebelke}, Garrett and {Davis Eigenbrot}, Arthur and {Eisenstein}, Daniel J. and {Elsworth}, Yvonne P. and {Emsellem}, Eric and {Eracleous}, Michael and {Erfanianfar}, Ghazaleh and {Escoffier}, Stephanie and {Fan}, Xiaohui and {Fern{\'a}ndez Alvar}, Emma and {Fernandez-Trincado}, J.~G. and {Fernand o Cirolini}, Rafael and {Feuillet}, Diane and {Finoguenov}, Alexis and {Fleming}, Scott W. and {Font-Ribera}, Andreu and {Freischlad}, Gordon and {Frinchaboy}, Peter and {Fu}, Hai and {G{\'o}mez Maqueo Chew}, Yilen and {Galbany}, Llu{\'\i}s and {Garc{\'\i}a P{\'e}rez}, Ana E. and {Garcia-Dias}, R. and {Garc{\'\i}a-Hern{\'a}ndez}, D.~A. and {Garma Oehmichen}, Luis Alberto and {Gaulme}, Patrick and {Gelfand }, Joseph and {Gil-Mar{\'\i}n}, H{\'e}ctor and {Gillespie}, Bruce A. and {Goddard}, Daniel and {Gonz{\'a}lez Hern{\'a}ndez}, Jonay I. and {Gonzalez-Perez}, Violeta and {Grabowski}, Kathleen and {Green}, Paul J. and {Grier}, Catherine J. and {Gueguen}, Alain and {Guo}, Hong and {Guy}, Julien and {Hagen}, Alex and {Hall}, Patrick and {Harding}, Paul and {Hasselquist}, Sten and {Hawley}, Suzanne and {Hayes}, Christian R. and {Hearty}, Fred and {Hekker}, Saskia and {Hernand ez}, Jesus and {Hernandez Toledo}, Hector and {Hogg}, David W. and {Holley-Bockelmann}, Kelly and {Holtzman}, Jon A. and {Hou}, Jiamin and {Hsieh}, Bau-Ching and {Hunt}, Jason A.~S. and {Hutchinson}, Timothy A. and {Hwang}, Ho Seong and {Jimenez Angel}, Camilo Eduardo and {Johnson}, Jennifer A. and {Jones}, Amy and {J{\"o}nsson}, Henrik and {Jullo}, Eric and {Khan}, Fahim Sakil and {Kinemuchi}, Karen and {Kirkby}, David and {Kirkpatrick}, Charles C., IV and {Kitaura}, Francisco-Shu and {Knapp}, Gillian R. and {Kneib}, Jean-Paul and {Kollmeier}, Juna A. and {Lacerna}, Ivan and {Lane}, Richard R. and {Lang}, Dustin and {Law}, David R. and {Le Goff}, Jean-Marc and {Lee}, Young-Bae and {Li}, Hongyu and {Li}, Cheng and {Lian}, Jianhui and {Liang}, Yu and {Lima}, Marcos and {Lin}, Lihwai and {Long}, Dan and {Lucatello}, Sara and {Lundgren}, Britt and {Mackereth}, J. Ted and {MacLeod}, Chelsea L. and {Mahadevan}, Suvrath and {Maia}, Marcio Antonio Geimba and {Majewski}, Steven and {Manchado}, Arturo and {Maraston}, Claudia and {Mariappan}, Vivek and {Marques-Chaves}, Rui and {Masseron}, Thomas and {Masters}, Karen L. and {McDermid}, Richard M. and {McGreer}, Ian D. and {Melendez}, Matthew and {Meneses-Goytia}, Sofia and {Merloni}, Andrea and {Merrifield}, Michael R. and {Meszaros}, Szabolcs and {Meza}, Andres and {Minchev}, Ivan and {Minniti}, Dante and {Mueller}, Eva-Maria and {Muller-Sanchez}, Francisco and {Muna}, Demitri and {Mu{\~n}oz}, Ricardo R. and {Myers}, Adam D. and {Nair}, Preethi and {Nand ra}, Kirpal and {Ness}, Melissa and {Newman}, Jeffrey A. and {Nichol}, Robert C. and {Nidever}, David L. and {Nitschelm}, Christian and {Noterdaeme}, Pasquier and {O'Connell}, Julia and {Oelkers}, Ryan James and {Oravetz}, Audrey and {Oravetz}, Daniel and {Ort{\'\i}z}, Erik Aquino and {Osorio}, Yeisson and {Pace}, Zach and {Padilla}, Nelson and {Palanque-Delabrouille}, Nathalie and {Palicio}, Pedro Alonso and {Pan}, Hsi-An and {Pan}, Kaike and {Parikh}, Taniya and {P{\^a}ris}, Isabelle and {Park}, Changbom and {Peirani}, Sebastien and {Pellejero-Ibanez}, Marcos and {Penny}, Samantha and {Percival}, Will J. and {Perez-Fournon}, Ismael and {Petitjean}, Patrick and {Pieri}, Matthew M. and {Pinsonneault}, Marc and {Pisani}, Alice and {Prada}, Francisco and {Prakash}, Abhishek and {Queiroz}, Anna B{\'a}rbara de Andrade and {Raddick}, M. Jordan and {Raichoor}, Anand and {Barboza Rembold}, Sandro and {Richstein}, Hannah and {Riffel}, Rogemar A. and {Riffel}, Rog{\'e}rio and {Rix}, Hans-Walter and {Robin}, Annie C. and {Rodr{\'\i}guez Torres}, Sergio and {Rom{\'a}n-Z{\'u}{\~n}iga}, Carlos and {Ross}, Ashley J. and {Rossi}, Graziano and {Ruan}, John and {Ruggeri}, Rossana and {Ruiz}, Jose and {Salvato}, Mara and {S{\'a}nchez}, Ariel G. and {S{\'a}nchez}, Sebasti{\'a}n F. and {Sanchez Almeida}, Jorge and {S{\'a}nchez-Gallego}, Jos{\'e} R. and {Santana Rojas}, Felipe Antonio and {Santiago}, Bas{\'\i}lio Xavier and {Schiavon}, Ricardo P. and {Schimoia}, Jaderson S. and {Schlafly}, Edward and {Schlegel}, David and {Schneider}, Donald P. and {Schuster}, William J. and {Schwope}, Axel and {Seo}, Hee-Jong and {Serenelli}, Aldo and {Shen}, Shiyin and {Shen}, Yue and {Shetrone}, Matthew and {Shull}, Michael and {Silva Aguirre}, V{\'\i}ctor and {Simon}, Joshua D. and {Skrutskie}, Mike and {Slosar}, An{\v{z}}e and {Smethurst}, Rebecca and {Smith}, Verne and {Sobeck}, Jennifer and {Somers}, Garrett and {Souter}, Barbara J. and {Souto}, Diogo and {Spindler}, Ashley and {Stark}, David V. and {Stassun}, Keivan and {Steinmetz}, Matthias and {Stello}, Dennis and {Storchi-Bergmann}, Thaisa and {Streblyanska}, Alina and {Stringfellow}, Guy S. and {Su{\'a}rez}, Genaro and {Sun}, Jing and {Szigeti}, Laszlo and {Taghizadeh-Popp}, Manuchehr and {Talbot}, Michael S. and {Tang}, Baitian and {Tao}, Charling and {Tayar}, Jamie and {Tembe}, Mita and {Teske}, Johanna and {Thakar}, Aniruddha R. and {Thomas}, Daniel and {Tissera}, Patricia and {Tojeiro}, Rita and {Tremonti}, Christy and {Troup}, Nicholas W. and {Urry}, Meg and {Valenzuela}, O. and {van den Bosch}, Remco and {Vargas-Gonz{\'a}lez}, Jaime and {Vargas-Maga{\~n}a}, Mariana and {Vazquez}, Jose Alberto and {Villanova}, Sandro and {Vogt}, Nicole and {Wake}, David and {Wang}, Yuting and {Weaver}, Benjamin Alan and {Weijmans}, Anne-Marie and {Weinberg}, David H. and {Westfall}, Kyle B. and {Whelan}, David G. and {Wilcots}, Eric and {Wild}, Vivienne and {Williams}, Rob A. and {Wilson}, John and {Wood-Vasey}, W.~M. and {Wylezalek}, Dominika and {Xiao}, Ting and {Yan}, Renbin and {Yang}, Meng and {Ybarra}, Jason E. and {Y{\`e}che}, Christophe and {Zakamska}, Nadia and {Zamora}, Olga and {Zarrouk}, Pauline and {Zasowski}, Gail and {Zhang}, Kai and {Zhao}, Cheng and {Zhao}, Gong-Bo and {Zheng}, Zheng and {Zheng}, Zheng and {Zhou}, Zhi-Min and {Zhu}, Guangtun and {Zinn}, Joel C. and {Zou}, Hu},
	date-added = {2020-03-26 17:21:18 -0500},
	date-modified = {2020-09-16 13:37:47 -0500},
	doi = {10.3847/1538-4365/aa9e8a},
	eid = {42},
	eprint = {1707.09322},
	journal = {\apjs},
	keywords = {atlases, catalogs, surveys, Astrophysics - Astrophysics of Galaxies, Astrophysics - Instrumentation and Methods for Astrophysics},
	month = apr,
	number = {2},
	pages = {42},
	primaryclass = {astro-ph.GA},
	title = {{The Fourteenth Data Release of the Sloan Digital Sky Survey: First Spectroscopic Data from the Extended Baryon Oscillation Spectroscopic Survey and from the Second Phase of the Apache Point Observatory Galactic Evolution Experiment}},
	volume = {235},
	year = 2018,
	Bdsk-File-1 = {YnBsaXN0MDDSAQIDBFxyZWxhdGl2ZVBhdGhZYWxpYXNEYXRhXxAoLi4vLi4vLi4vRG93bmxvYWRzL2V4cG9ydC1iaWJ0ZXgoMTkpLmJpYk8RAWQAAAAAAWQAAgAADE1hY2ludG9zaCBIRAAAAAAAAAAAAAAAAAAAAAAAAABCRAAB/////xVleHBvcnQtYmlidGV4KDE5KS5iaWIAAAAAAAAAAAAAAAAAAAAAAAAAAAAAAAAAAAAAAAAAAAAAAAAAAAAAAAD/////AAAAAAAAAAAAAAAAAAMAAgAACiBjdQAAAAAAAAAAAAAAAAAJRG93bmxvYWRzAAACAC4vOlVzZXJzOmpvc2h1YTpEb3dubG9hZHM6ZXhwb3J0LWJpYnRleCgxOSkuYmliAA4ALAAVAGUAeABwAG8AcgB0AC0AYgBpAGIAdABlAHgAKAAxADkAKQAuAGIAaQBiAA8AGgAMAE0AYQBjAGkAbgB0AG8AcwBoACAASABEABIALFVzZXJzL2pvc2h1YS9Eb3dubG9hZHMvZXhwb3J0LWJpYnRleCgxOSkuYmliABMAAS8AABUAAgAN//8AAAAIAA0AGgAkAE8AAAAAAAACAQAAAAAAAAAFAAAAAAAAAAAAAAAAAAABtw==},
	Bdsk-Url-1 = {https://doi.org/10.3847/1538-4365/aa9e8a}}

@article{Fu:2018,
	adsnote = {Provided by the SAO/NASA Astrophysics Data System},
	adsurl = {https://ui.adsabs.harvard.edu/abs/2018ApJ...856...93F},
	archiveprefix = {arXiv},
	author = {{Fu}, Hai and {Steffen}, Joshua L. and {Gross}, Arran C. and {Dai}, Y. Sophia and {Isbell}, Jacob W. and {Lin}, Lihwai and {Wake}, David and {Xue}, Rui and {Bizyaev}, Dmitry and {Pan}, Kaike},
	date-added = {2020-03-26 17:21:18 -0500},
	date-modified = {2020-03-31 13:32:45 -0500},
	doi = {10.3847/1538-4357/aab364},
	eid = {93},
	eprint = {1801.00792},
	journal = {\apj},
	keywords = {galaxies: active, galaxies: interactions, galaxies: nuclei, Astrophysics - Astrophysics of Galaxies},
	month = apr,
	number = {2},
	pages = {93},
	primaryclass = {astro-ph.GA},
	title = {{SDSS-IV MaNGA: Galaxy Pair Fraction and Correlated Active Galactic Nuclei}},
	volume = {856},
	year = 2018,
	Bdsk-Url-1 = {https://doi.org/10.3847/1538-4357/aab364}}

@article{Thomas:2018,
	adsnote = {Provided by the SAO/NASA Astrophysics Data System},
	adsurl = {https://ui.adsabs.harvard.edu/abs/2018ApJ...856...89T},
	archiveprefix = {arXiv},
	author = {{Thomas}, Adam D. and {Dopita}, Michael A. and {Kewley}, Lisa J. and {Groves}, Brent A. and {Sutherland}, Ralph S. and {Hopkins}, Andrew M. and {Blanc}, Guillermo A.},
	date-added = {2020-03-26 17:21:18 -0500},
	date-modified = {2020-03-31 13:32:45 -0500},
	doi = {10.3847/1538-4357/aab3db},
	eid = {89},
	eprint = {1803.00740},
	journal = {\apj},
	keywords = {galaxies: abundances, galaxies: active, galaxies: ISM, galaxies: Seyfert, ISM: abundances, quasars: emission lines, Astrophysics - Astrophysics of Galaxies},
	month = apr,
	number = {2},
	pages = {89},
	primaryclass = {astro-ph.GA},
	title = {{Interrogating Seyferts with NebulaBayes: Spatially Probing the Narrow-line Region Radiation Fields and Chemical Abundances}},
	volume = {856},
	year = 2018,
	Bdsk-Url-1 = {https://doi.org/10.3847/1538-4357/aab3db}}

@article{Pillepich:2018,
	adsnote = {Provided by the SAO/NASA Astrophysics Data System},
	adsurl = {https://ui.adsabs.harvard.edu/abs/2018MNRAS.475..648P},
	archiveprefix = {arXiv},
	author = {{Pillepich}, Annalisa and {Nelson}, Dylan and {Hernquist}, Lars and {Springel}, Volker and {Pakmor}, R{\"u}diger and {Torrey}, Paul and {Weinberger}, Rainer and {Genel}, Shy and {Naiman}, Jill P. and {Marinacci}, Federico and {Vogelsberger}, Mark},
	date-added = {2020-03-26 17:21:18 -0500},
	date-modified = {2020-03-31 13:32:45 -0500},
	doi = {10.1093/mnras/stx3112},
	eprint = {1707.03406},
	journal = {\mnras},
	keywords = {methods: numerical, galaxies: clusters: general, galaxies: general, galaxies: groups: general, cosmology: theory, Astrophysics - Astrophysics of Galaxies, Astrophysics - Cosmology and Nongalactic Astrophysics},
	month = mar,
	number = {1},
	pages = {648-675},
	primaryclass = {astro-ph.GA},
	title = {{First results from the IllustrisTNG simulations: the stellar mass content of groups and clusters of galaxies}},
	volume = {475},
	year = 2018,
	Bdsk-Url-1 = {https://doi.org/10.1093/mnras/stx3112}}

@article{Ellison:2018,
	adsnote = {Provided by the SAO/NASA Astrophysics Data System},
	adsurl = {https://ui.adsabs.harvard.edu/abs/2018MNRAS.474.2039E},
	archiveprefix = {arXiv},
	author = {{Ellison}, Sara L. and {S{\'a}nchez}, Sebastian F. and {Ibarra-Medel}, Hector and {Antonio}, Braulio and {Mendel}, J. Trevor and {Barrera-Ballesteros}, Jorge},
	date-added = {2020-03-26 17:21:18 -0500},
	date-modified = {2020-03-31 13:32:45 -0500},
	doi = {10.1093/mnras/stx2882},
	eprint = {1711.00915},
	journal = {\mnras},
	keywords = {galaxies: bulges, galaxies: evolution, galaxies: interactions, galaxies: star formation, Astrophysics - Astrophysics of Galaxies},
	month = feb,
	number = {2},
	pages = {2039-2054},
	primaryclass = {astro-ph.GA},
	title = {{Star formation is boosted (and quenched) from the inside-out: radial star formation profiles from MaNGA}},
	volume = {474},
	year = 2018,
	Bdsk-Url-1 = {https://doi.org/10.1093/mnras/stx2882}}

@article{Sillero:2017,
	adsnote = {Provided by the SAO/NASA Astrophysics Data System},
	adsurl = {https://ui.adsabs.harvard.edu/abs/2017MNRAS.472.4404S},
	archiveprefix = {arXiv},
	author = {{Sillero}, Emanuel and {Tissera}, Patricia B. and {Lambas}, Diego G. and {Michel-Dansac}, Leo},
	date-added = {2020-03-26 17:21:18 -0500},
	date-modified = {2020-03-31 13:32:45 -0500},
	doi = {10.1093/mnras/stx2265},
	eprint = {1709.00438},
	journal = {\mnras},
	keywords = {galaxies: abundances, galaxies: evolution, dark matter, Astrophysics - Astrophysics of Galaxies},
	month = dec,
	number = {4},
	pages = {4404-4413},
	primaryclass = {astro-ph.GA},
	title = {{The evolution of the metallicity gradient and the star formation efficiency in disc galaxies}},
	volume = {472},
	year = 2017,
	Bdsk-Url-1 = {https://doi.org/10.1093/mnras/stx2265}}

@article{Wake:2017,
	adsnote = {Provided by the SAO/NASA Astrophysics Data System},
	adsurl = {https://ui.adsabs.harvard.edu/abs/2017AJ....154...86W},
	archiveprefix = {arXiv},
	author = {{Wake}, David A. and {Bundy}, Kevin and {Diamond-Stanic}, Aleksandar M. and {Yan}, Renbin and {Blanton}, Michael R. and {Bershady}, Matthew A. and {S{\'a}nchez-Gallego}, Jos{\'e} R. and {Drory}, Niv and {Jones}, Amy and {Kauffmann}, Guinevere and {Law}, David R. and {Li}, Cheng and {MacDonald}, Nicholas and {Masters}, Karen and {Thomas}, Daniel and {Tinker}, Jeremy and {Weijmans}, Anne-Marie and {Brownstein}, Joel R.},
	date-added = {2020-03-26 17:21:18 -0500},
	date-modified = {2020-03-31 13:32:45 -0500},
	doi = {10.3847/1538-3881/aa7ecc},
	eid = {86},
	eprint = {1707.02989},
	journal = {\aj},
	keywords = {galaxies: evolution, galaxies: general, galaxies: statistics, surveys, Astrophysics - Astrophysics of Galaxies},
	month = sep,
	number = {3},
	pages = {86},
	primaryclass = {astro-ph.GA},
	title = {{The SDSS-IV MaNGA Sample: Design, Optimization, and Usage Considerations}},
	volume = {154},
	year = 2017,
	Bdsk-Url-1 = {https://doi.org/10.3847/1538-3881/aa7ecc}}

@article{Capelo:2017,
	adsnote = {Provided by the SAO/NASA Astrophysics Data System},
	adsurl = {https://ui.adsabs.harvard.edu/abs/2017MNRAS.469.4437C},
	archiveprefix = {arXiv},
	author = {{Capelo}, Pedro R. and {Dotti}, Massimo and {Volonteri}, Marta and {Mayer}, Lucio and {Bellovary}, Jillian M. and {Shen}, Sijing},
	date-added = {2020-03-26 17:21:18 -0500},
	date-modified = {2020-03-31 13:32:45 -0500},
	doi = {10.1093/mnras/stx1067},
	eprint = {1611.09244},
	journal = {\mnras},
	keywords = {galaxies: active, galaxies: interactions, galaxies: nuclei, Astrophysics - Astrophysics of Galaxies, Astrophysics - Cosmology and Nongalactic Astrophysics},
	month = aug,
	number = {4},
	pages = {4437-4454},
	primaryclass = {astro-ph.GA},
	title = {{A survey of dual active galactic nuclei in simulations of galaxy mergers: frequency and properties}},
	volume = {469},
	year = 2017,
	Bdsk-Url-1 = {https://doi.org/10.1093/mnras/stx1067}}

@article{Sanchez:2017,
	adsnote = {Provided by the SAO/NASA Astrophysics Data System},
	adsurl = {https://ui.adsabs.harvard.edu/abs/2017MNRAS.469.2121S},
	archiveprefix = {arXiv},
	author = {{S{\'a}nchez}, S.~F. and {Barrera-Ballesteros}, J.~K. and {S{\'a}nchez-Menguiano}, L. and {Walcher}, C.~J. and {Marino}, R.~A. and {Galbany}, L. and {Bland-Hawthorn}, J. and {Cano-D{\'\i}az}, M. and {Garc{\'\i}a-Benito}, R. and {L{\'o}pez-Cob{\'a}}, C. and {Zibetti}, S. and {Vilchez}, J.~M. and {Igl{\'e}sias-P{\'a}ramo}, J. and {Kehrig}, C. and {L{\'o}pez S{\'a}nchez}, A.~R. and {Duarte Puertas}, S. and {Ziegler}, B.},
	date-added = {2020-03-26 17:21:18 -0500},
	date-modified = {2020-03-31 13:32:45 -0500},
	doi = {10.1093/mnras/stx808},
	eprint = {1703.09769},
	journal = {\mnras},
	keywords = {techniques: spectroscopic, galaxies: abundances, galaxies: evolution, galaxies: ISM, Astrophysics - Astrophysics of Galaxies},
	month = aug,
	number = {2},
	pages = {2121-2140},
	primaryclass = {astro-ph.GA},
	title = {{The mass-metallicity relation revisited with CALIFA}},
	volume = {469},
	year = 2017,
	Bdsk-Url-1 = {https://doi.org/10.1093/mnras/stx808}}

@article{Tumlinson:2017,
	adsnote = {Provided by the SAO/NASA Astrophysics Data System},
	adsurl = {https://ui.adsabs.harvard.edu/abs/2017ARA&A..55..389T},
	archiveprefix = {arXiv},
	author = {{Tumlinson}, Jason and {Peeples}, Molly S. and {Werk}, Jessica K.},
	date-added = {2020-03-26 17:21:18 -0500},
	date-modified = {2020-03-31 13:32:45 -0500},
	doi = {10.1146/annurev-astro-091916-055240},
	eprint = {1709.09180},
	journal = {\araa},
	keywords = {Astrophysics - Astrophysics of Galaxies},
	month = aug,
	number = {1},
	pages = {389-432},
	primaryclass = {astro-ph.GA},
	title = {{The Circumgalactic Medium}},
	volume = {55},
	year = 2017,
	Bdsk-Url-1 = {https://doi.org/10.1146/annurev-astro-091916-055240}}

@article{Barrera-Ballesteros:2017,
	adsnote = {Provided by the SAO/NASA Astrophysics Data System},
	adsurl = {https://ui.adsabs.harvard.edu/abs/2017ApJ...844...80B},
	archiveprefix = {arXiv},
	author = {{Barrera-Ballesteros}, J.~K. and {S{\'a}nchez}, S.~F. and {Heckman}, T. and {Blanc}, G.~A. and {MaNGA Team}},
	date-added = {2020-03-26 17:21:18 -0500},
	date-modified = {2020-03-31 13:32:45 -0500},
	doi = {10.3847/1538-4357/aa7aa9},
	eid = {80},
	eprint = {1706.09893},
	journal = {\apj},
	keywords = {galaxies: evolution, galaxies: fundamental parameters, ISM: abundances, techniques: imaging spectroscopy, Astrophysics - Astrophysics of Galaxies},
	month = jul,
	number = {1},
	pages = {80},
	primaryclass = {astro-ph.GA},
	title = {{Separate Ways: The Mass-Metallicity Relation Does Not Strongly Correlate with Star Formation Rate in SDSS-IV MaNGA Galaxies}},
	volume = {844},
	year = 2017,
	Bdsk-Url-1 = {https://doi.org/10.3847/1538-4357/aa7aa9}}

@article{Belfiore:2017,
	adsnote = {Provided by the SAO/NASA Astrophysics Data System},
	adsurl = {https://ui.adsabs.harvard.edu/abs/2017MNRAS.469..151B},
	archiveprefix = {arXiv},
	author = {{Belfiore}, Francesco and {Maiolino}, Roberto and {Tremonti}, Christy and {S{\'a}nchez}, Sebastian F. and {Bundy}, Kevin and {Bershady}, Matthew and {Westfall}, Kyle and {Lin}, Lihwai and {Drory}, Niv and {Boquien}, M{\'e}d{\'e}ric and {Thomas}, Daniel and {Brinkmann}, Jonathan},
	date-added = {2020-03-26 17:21:18 -0500},
	date-modified = {2020-03-31 13:32:45 -0500},
	doi = {10.1093/mnras/stx789},
	eprint = {1703.03813},
	journal = {\mnras},
	keywords = {galaxies: evolution, galaxies: fundamental parameters, galaxies: ISM, Astrophysics - Astrophysics of Galaxies},
	month = jul,
	number = {1},
	pages = {151-170},
	primaryclass = {astro-ph.GA},
	title = {{SDSS IV MaNGA - metallicity and nitrogen abundance gradients in local galaxies}},
	volume = {469},
	year = 2017,
	Bdsk-Url-1 = {https://doi.org/10.1093/mnras/stx789}}

@article{Barrera-Ballesteros:2016,
	adsnote = {Provided by the SAO/NASA Astrophysics Data System},
	adsurl = {https://ui.adsabs.harvard.edu/abs/2016MNRAS.463.2513B},
	archiveprefix = {arXiv},
	author = {{Barrera-Ballesteros}, Jorge K. and {Heckman}, Timothy M. and {Zhu}, Guangtun B. and {Zakamska}, Nadia L. and {S{\'a}nchez}, Sebastian F. and {Law}, David and {Wake}, David and {Green}, Jenny E. and {Bizyaev}, Dmitry and {Oravetz}, Daniel and {Simmons}, Audrey and {Malanushenko}, Elena and {Pan}, Kaike and {Roman Lopes}, Alexandre and {Lane}, Richard R.},
	date-added = {2020-03-26 17:21:18 -0500},
	date-modified = {2020-07-17 12:37:19 -0500},
	doi = {10.1093/mnras/stw1984},
	eprint = {1609.01740},
	journal = {\mnras},
	keywords = {techniques: imaging spectroscopy, galaxies: abundances, galaxies: fundamental parameters, galaxies: ISM, Astrophysics - Astrophysics of Galaxies},
	month = dec,
	number = {3},
	pages = {2513-2522},
	primaryclass = {astro-ph.GA},
	title = {{Do galaxy global relationships emerge from local ones? The SDSS IV MaNGA surface mass density-metallicity relation}},
	volume = {463},
	year = 2016,
	Bdsk-File-1 = {YnBsaXN0MDDSAQIDBFxyZWxhdGl2ZVBhdGhZYWxpYXNEYXRhXxAnLi4vLi4vLi4vRG93bmxvYWRzL2V4cG9ydC1iaWJ0ZXgoNikuYmliTxEBZgAAAAABZgACAAAMTWFjaW50b3NoIEhEAAAAAAAAAAAAAAAAAAAAAAAAAEJEAAH/////FGV4cG9ydC1iaWJ0ZXgoNikuYmliAAAAAAAAAAAAAAAAAAAAAAAAAAAAAAAAAAAAAAAAAAAAAAAAAAAAAAAAAP////8AAAAAAAAAAAAAAAAAAwACAAAKIGN1AAAAAAAAAAAAAAAAAAlEb3dubG9hZHMAAAIAMC86VXNlcnM6amxzdGVmZmVuOkRvd25sb2FkczpleHBvcnQtYmlidGV4KDYpLmJpYgAOACoAFABlAHgAcABvAHIAdAAtAGIAaQBiAHQAZQB4ACgANgApAC4AYgBpAGIADwAaAAwATQBhAGMAaQBuAHQAbwBzAGgAIABIAEQAEgAuVXNlcnMvamxzdGVmZmVuL0Rvd25sb2Fkcy9leHBvcnQtYmlidGV4KDYpLmJpYgATAAEvAAAVAAIAEP//AAAACAANABoAJABOAAAAAAAAAgEAAAAAAAAABQAAAAAAAAAAAAAAAAAAAbg=},
	Bdsk-Url-1 = {https://doi.org/10.1093/mnras/stw1984}}

@article{Law:2016,
	adsnote = {Provided by the SAO/NASA Astrophysics Data System},
	adsurl = {https://ui.adsabs.harvard.edu/abs/2016AJ....152...83L},
	archiveprefix = {arXiv},
	author = {{Law}, David R. and {Cherinka}, Brian and {Yan}, Renbin and {Andrews}, Brett H. and {Bershady}, Matthew A. and {Bizyaev}, Dmitry and {Blanc}, Guillermo A. and {Blanton}, Michael R. and {Bolton}, Adam S. and {Brownstein}, Joel R. and {Bundy}, Kevin and {Chen}, Yanmei and {Drory}, Niv and {D'Souza}, Richard and {Fu}, Hai and {Jones}, Amy and {Kauffmann}, Guinevere and {MacDonald}, Nicholas and {Masters}, Karen L. and {Newman}, Jeffrey A. and {Parejko}, John K. and {S{\'a}nchez-Gallego}, Jos{\'e} R. and {S{\'a}nchez}, Sebastian F. and {Schlegel}, David J. and {Thomas}, Daniel and {Wake}, David A. and {Weijmans}, Anne-Marie and {Westfall}, Kyle B. and {Zhang}, Kai},
	date-added = {2020-03-26 17:21:18 -0500},
	date-modified = {2020-03-31 13:32:45 -0500},
	doi = {10.3847/0004-6256/152/4/83},
	eid = {83},
	eprint = {1607.08619},
	journal = {\aj},
	keywords = {methods: data analysis, surveys, techniques: imaging spectroscopy, Astrophysics - Instrumentation and Methods for Astrophysics},
	month = oct,
	number = {4},
	pages = {83},
	primaryclass = {astro-ph.IM},
	title = {{The Data Reduction Pipeline for the SDSS-IV MaNGA IFU Galaxy Survey}},
	volume = {152},
	year = 2016,
	Bdsk-Url-1 = {https://doi.org/10.3847/0004-6256/152/4/83}}

@article{Rodriguez-Gomez:2016,
	adsnote = {Provided by the SAO/NASA Astrophysics Data System},
	adsurl = {https://ui.adsabs.harvard.edu/abs/2016MNRAS.458.2371R},
	archiveprefix = {arXiv},
	author = {{Rodriguez-Gomez}, Vicente and {Pillepich}, Annalisa and {Sales}, Laura V. and {Genel}, Shy and {Vogelsberger}, Mark and {Zhu}, Qirong and {Wellons}, Sarah and {Nelson}, Dylan and {Torrey}, Paul and {Springel}, Volker and {Ma}, Chung-Pei and {Hernquist}, Lars},
	date-added = {2020-03-26 17:21:18 -0500},
	date-modified = {2020-03-31 13:32:45 -0500},
	doi = {10.1093/mnras/stw456},
	eprint = {1511.08804},
	journal = {\mnras},
	keywords = {methods: numerical, galaxies: formation, galaxies: haloes, galaxies: interactions, cosmology: theory, Astrophysics - Astrophysics of Galaxies, Astrophysics - Cosmology and Nongalactic Astrophysics},
	month = may,
	number = {3},
	pages = {2371-2390},
	primaryclass = {astro-ph.GA},
	title = {{The stellar mass assembly of galaxies in the Illustris simulation: growth by mergers and the spatial distribution of accreted stars}},
	volume = {458},
	year = 2016,
	Bdsk-Url-1 = {https://doi.org/10.1093/mnras/stw456}}

@article{Sanchez-Menguiano:2016,
	adsnote = {Provided by the SAO/NASA Astrophysics Data System},
	adsurl = {https://ui.adsabs.harvard.edu/abs/2016A&A...587A..70S},
	archiveprefix = {arXiv},
	author = {{S{\'a}nchez-Menguiano}, L. and {S{\'a}nchez}, S.~F. and {P{\'e}rez}, I. and {Garc{\'\i}a-Benito}, R. and {Husemann}, B. and {Mast}, D. and {Mendoza}, A. and {Ruiz-Lara}, T. and {Ascasibar}, Y. and {Bland-Hawthorn}, J. and {Cavichia}, O. and {D{\'\i}az}, A.~I. and {Florido}, E. and {Galbany}, L. and {G{\'o}nzalez Delgado}, R.~M. and {Kehrig}, C. and {Marino}, R.~A. and {M{\'a}rquez}, I. and {Masegosa}, J. and {M{\'e}ndez-Abreu}, J. and {Moll{\'a}}, M. and {Del Olmo}, A. and {P{\'e}rez}, E. and {S{\'a}nchez-Bl{\'a}zquez}, P. and {Stanishev}, V. and {Walcher}, C.~J. and {L{\'o}pez-S{\'a}nchez}, {\'A}. R. and {Califa Collaboration}},
	date-added = {2020-03-26 17:21:18 -0500},
	date-modified = {2020-03-31 13:32:45 -0500},
	doi = {10.1051/0004-6361/201527450},
	eid = {A70},
	eprint = {1601.01542},
	journal = {\aap},
	keywords = {galaxies: abundances, galaxies: evolution, galaxies: ISM, galaxies: spiral, techniques: imaging spectroscopy, techniques: spectroscopic, Astrophysics - Astrophysics of Galaxies},
	month = mar,
	pages = {A70},
	primaryclass = {astro-ph.GA},
	title = {{Shape of the oxygen abundance profiles in CALIFA face-on spiral galaxies}},
	volume = {587},
	year = 2016,
	Bdsk-Url-1 = {https://doi.org/10.1051/0004-6361/201527450}}

@article{Dopita:2016,
	adsnote = {Provided by the SAO/NASA Astrophysics Data System},
	adsurl = {https://ui.adsabs.harvard.edu/abs/2016Ap&SS.361...61D},
	archiveprefix = {arXiv},
	author = {{Dopita}, Michael A. and {Kewley}, Lisa J. and {Sutherland}, Ralph S. and {Nicholls}, David C.},
	date-added = {2020-03-26 17:21:18 -0500},
	date-modified = {2020-03-31 13:32:45 -0500},
	doi = {10.1007/s10509-016-2657-8},
	eid = {61},
	eprint = {1601.01337},
	journal = {\apss},
	keywords = {Galaxies: high redshift, Galaxies: chemical abundances, HII regions, Emission lines, Astrophysics - Astrophysics of Galaxies, Astrophysics - Cosmology and Nongalactic Astrophysics},
	month = feb,
	pages = {61},
	primaryclass = {astro-ph.GA},
	title = {{Chemical abundances in high-redshift galaxies: a powerful new emission line diagnostic}},
	volume = {361},
	year = 2016,
	Bdsk-Url-1 = {https://doi.org/10.1007/s10509-016-2657-8}}

@article{Ma:2016,
	adsnote = {Provided by the SAO/NASA Astrophysics Data System},
	adsurl = {https://ui.adsabs.harvard.edu/abs/2016MNRAS.456.2140M},
	archiveprefix = {arXiv},
	author = {{Ma}, Xiangcheng and {Hopkins}, Philip F. and {Faucher-Gigu{\`e}re}, Claude-Andr{\'e} and {Zolman}, Nick and {Muratov}, Alexander L. and {Kere{\v{s}}}, Du{\v{s}}an and {Quataert}, Eliot},
	date-added = {2020-03-26 17:21:18 -0500},
	date-modified = {2020-03-31 13:32:45 -0500},
	doi = {10.1093/mnras/stv2659},
	eprint = {1504.02097},
	journal = {\mnras},
	keywords = {galaxies: evolution, galaxies: formation, cosmology: theory, Astrophysics - Astrophysics of Galaxies, Astrophysics - Cosmology and Nongalactic Astrophysics},
	month = feb,
	number = {2},
	pages = {2140-2156},
	primaryclass = {astro-ph.GA},
	title = {{The origin and evolution of the galaxy mass-metallicity relation}},
	volume = {456},
	year = 2016,
	Bdsk-Url-1 = {https://doi.org/10.1093/mnras/stv2659}}

@article{Carton:2015,
	adsnote = {Provided by the SAO/NASA Astrophysics Data System},
	adsurl = {https://ui.adsabs.harvard.edu/abs/2015MNRAS.451..210C},
	archiveprefix = {arXiv},
	author = {{Carton}, David and {Brinchmann}, Jarle and {Wang}, Jing and {Bigiel}, Frank and {Cormier}, Diane and {van der Hulst}, Thijs and {J{\'o}zsa}, Gyula I.~G. and {Serra}, Paolo and {Verheijen}, Marc A.~W.},
	date-added = {2020-03-26 17:21:18 -0500},
	date-modified = {2020-03-31 13:32:45 -0500},
	doi = {10.1093/mnras/stv967},
	eprint = {1505.02797},
	journal = {\mnras},
	keywords = {galaxies: abundances, galaxies: evolution, galaxies: ISM, Astrophysics - Astrophysics of Galaxies},
	month = jul,
	number = {1},
	pages = {210-235},
	primaryclass = {astro-ph.GA},
	title = {{Gas-phase metallicity profiles of the Bluedisk galaxies: Is metallicity in a local star formation regulated equilibrium?}},
	volume = {451},
	year = 2015,
	Bdsk-Url-1 = {https://doi.org/10.1093/mnras/stv967}}

@article{Barrera-Ballesteros:2015,
	adsnote = {Provided by the SAO/NASA Astrophysics Data System},
	adsurl = {https://ui.adsabs.harvard.edu/abs/2015A&A...579A..45B},
	archiveprefix = {arXiv},
	author = {{Barrera-Ballesteros}, J.~K. and {S{\'a}nchez}, S.~F. and {Garc{\'\i}a-Lorenzo}, B. and {Falc{\'o}n-Barroso}, J. and {Mast}, D. and {Garc{\'\i}a-Benito}, R. and {Husemann}, B. and {van de Ven}, G. and {Iglesias-P{\'a}ramo}, J. and {Rosales-Ortega}, F.~F. and {P{\'e}rez-Torres}, M.~A. and {M{\'a}rquez}, I. and {Kehrig}, C. and {Marino}, R.~A. and {Vilchez}, J.~M. and {Galbany}, L. and {L{\'o}pez-S{\'a}nchez}, {\'A}. R. and {Walcher}, C.~J. and {Califa Collaboration}},
	date-added = {2020-03-26 17:21:18 -0500},
	date-modified = {2020-03-31 13:32:45 -0500},
	doi = {10.1051/0004-6361/201425397},
	eid = {A45},
	eprint = {1505.03153},
	journal = {\aap},
	keywords = {galaxies: evolution, galaxies: interactions, galaxies: star formation, galaxies: abundances, Astrophysics - Astrophysics of Galaxies},
	month = jul,
	pages = {A45},
	primaryclass = {astro-ph.GA},
	title = {{Central star formation and metallicity in CALIFA interacting galaxies}},
	volume = {579},
	year = 2015,
	Bdsk-File-1 = {YnBsaXN0MDDSAQIDBFxyZWxhdGl2ZVBhdGhZYWxpYXNEYXRhXxAoLi4vLi4vLi4vRG93bmxvYWRzL2V4cG9ydC1iaWJ0ZXgoMTkpLmJpYk8RAWQAAAAAAWQAAgAADE1hY2ludG9zaCBIRAAAAAAAAAAAAAAAAAAAAAAAAABCRAAB/////xVleHBvcnQtYmlidGV4KDE5KS5iaWIAAAAAAAAAAAAAAAAAAAAAAAAAAAAAAAAAAAAAAAAAAAAAAAAAAAAAAAD/////AAAAAAAAAAAAAAAAAAMAAgAACiBjdQAAAAAAAAAAAAAAAAAJRG93bmxvYWRzAAACAC4vOlVzZXJzOmpvc2h1YTpEb3dubG9hZHM6ZXhwb3J0LWJpYnRleCgxOSkuYmliAA4ALAAVAGUAeABwAG8AcgB0AC0AYgBpAGIAdABlAHgAKAAxADkAKQAuAGIAaQBiAA8AGgAMAE0AYQBjAGkAbgB0AG8AcwBoACAASABEABIALFVzZXJzL2pvc2h1YS9Eb3dubG9hZHMvZXhwb3J0LWJpYnRleCgxOSkuYmliABMAAS8AABUAAgAN//8AAAAIAA0AGgAkAE8AAAAAAAACAQAAAAAAAAAFAAAAAAAAAAAAAAAAAAABtw==},
	Bdsk-Url-1 = {https://doi.org/10.1051/0004-6361/201425397}}

@article{Law:2015,
	adsnote = {Provided by the SAO/NASA Astrophysics Data System},
	adsurl = {https://ui.adsabs.harvard.edu/abs/2015AJ....150...19L},
	archiveprefix = {arXiv},
	author = {{Law}, David R. and {Yan}, Renbin and {Bershady}, Matthew A. and {Bundy}, Kevin and {Cherinka}, Brian and {Drory}, Niv and {MacDonald}, Nicholas and {S{\'a}nchez-Gallego}, Jos{\'e} R. and {Wake}, David A. and {Weijmans}, Anne-Marie and {Blanton}, Michael R. and {Klaene}, Mark A. and {Moran}, Sean M. and {Sanchez}, Sebastian F. and {Zhang}, Kai},
	date-added = {2020-03-26 17:21:18 -0500},
	date-modified = {2020-03-31 13:32:45 -0500},
	doi = {10.1088/0004-6256/150/1/19},
	eid = {19},
	eprint = {1505.04285},
	journal = {\aj},
	keywords = {atmospheric effects, methods: observational, surveys, techniques: imaging spectroscopy, Astrophysics - Instrumentation and Methods for Astrophysics, Astrophysics - Astrophysics of Galaxies},
	month = jul,
	number = {1},
	pages = {19},
	primaryclass = {astro-ph.IM},
	title = {{Observing Strategy for the SDSS-IV/MaNGA IFU Galaxy Survey}},
	volume = {150},
	year = 2015,
	Bdsk-Url-1 = {https://doi.org/10.1088/0004-6256/150/1/19}}

@article{Bryant:2015,
	adsnote = {Provided by the SAO/NASA Astrophysics Data System},
	adsurl = {https://ui.adsabs.harvard.edu/abs/2015MNRAS.447.2857B},
	archiveprefix = {arXiv},
	author = {{Bryant}, J.~J. and {Owers}, M.~S. and {Robotham}, A.~S.~G. and {Croom}, S.~M. and {Driver}, S.~P. and {Drinkwater}, M.~J. and {Lorente}, N.~P.~F. and {Cortese}, L. and {Scott}, N. and {Colless}, M. and {Schaefer}, A. and {Taylor}, E.~N. and {Konstantopoulos}, I.~S. and {Allen}, J.~T. and {Baldry}, I. and {Barnes}, L. and {Bauer}, A.~E. and {Bland-Hawthorn}, J. and {Bloom}, J.~V. and {Brooks}, A.~M. and {Brough}, S. and {Cecil}, G. and {Couch}, W. and {Croton}, D. and {Davies}, R. and {Ellis}, S. and {Fogarty}, L.~M.~R. and {Foster}, C. and {Glazebrook}, K. and {Goodwin}, M. and {Green}, A. and {Gunawardhana}, M.~L. and {Hampton}, E. and {Ho}, I. -T. and {Hopkins}, A.~M. and {Kewley}, L. and {Lawrence}, J.~S. and {Leon-Saval}, S.~G. and {Leslie}, S. and {McElroy}, R. and {Lewis}, G. and {Liske}, J. and {L{\'o}pez-S{\'a}nchez}, {\'A}. R. and {Mahajan}, S. and {Medling}, A.~M. and {Metcalfe}, N. and {Meyer}, M. and {Mould}, J. and {Obreschkow}, D. and {O'Toole}, S. and {Pracy}, M. and {Richards}, S.~N. and {Shanks}, T. and {Sharp}, R. and {Sweet}, S.~M. and {Thomas}, A.~D. and {Tonini}, C. and {Walcher}, C.~J.},
	date-added = {2020-03-26 17:21:18 -0500},
	date-modified = {2020-03-31 13:32:45 -0500},
	doi = {10.1093/mnras/stu2635},
	eprint = {1407.7335},
	journal = {\mnras},
	keywords = {instrumentation: miscellaneous, instrumentation: spectrographs, techniques: imaging spectroscopy, surveys, galaxies: evolution, galaxies: kinematics and dynamics, Astrophysics - Astrophysics of Galaxies},
	month = mar,
	number = {3},
	pages = {2857-2879},
	primaryclass = {astro-ph.GA},
	title = {{The SAMI Galaxy Survey: instrument specification and target selection}},
	volume = {447},
	year = 2015,
	Bdsk-Url-1 = {https://doi.org/10.1093/mnras/stu2635}}

@article{Drory:2015,
	adsnote = {Provided by the SAO/NASA Astrophysics Data System},
	adsurl = {https://ui.adsabs.harvard.edu/abs/2015AJ....149...77D},
	archiveprefix = {arXiv},
	author = {{Drory}, N. and {MacDonald}, N. and {Bershady}, M.~A. and {Bundy}, K. and {Gunn}, J. and {Law}, D.~R. and {Smith}, M. and {Stoll}, R. and {Tremonti}, C.~A. and {Wake}, D.~A. and {Yan}, R. and {Weijmans}, A.~M. and {Byler}, N. and {Cherinka}, B. and {Cope}, F. and {Eigenbrot}, A. and {Harding}, P. and {Holder}, D. and {Huehnerhoff}, J. and {Jaehnig}, K. and {Jansen}, T.~C. and {Klaene}, M. and {Paat}, A.~M. and {Percival}, J. and {Sayres}, C.},
	date-added = {2020-03-26 17:21:18 -0500},
	date-modified = {2020-03-31 13:32:45 -0500},
	doi = {10.1088/0004-6256/149/2/77},
	eid = {77},
	eprint = {1412.1535},
	journal = {\aj},
	keywords = {galaxies: general, instrumentation: spectrographs, surveys, techniques: imaging spectroscopy, Astrophysics - Instrumentation and Methods for Astrophysics},
	month = feb,
	number = {2},
	pages = {77},
	primaryclass = {astro-ph.IM},
	title = {{The MaNGA Integral Field Unit Fiber Feed System for the Sloan 2.5 m Telescope}},
	volume = {149},
	year = 2015,
	Bdsk-Url-1 = {https://doi.org/10.1088/0004-6256/149/2/77}}

@article{Blanc:2015,
	adsnote = {Provided by the SAO/NASA Astrophysics Data System},
	adsurl = {https://ui.adsabs.harvard.edu/abs/2015ApJ...798...99B},
	archiveprefix = {arXiv},
	author = {{Blanc}, Guillermo A. and {Kewley}, Lisa and {Vogt}, Fr{\'e}d{\'e}ric P.~A. and {Dopita}, Michael A.},
	date-added = {2020-03-26 17:21:18 -0500},
	date-modified = {2020-03-31 13:32:45 -0500},
	doi = {10.1088/0004-637X/798/2/99},
	eid = {99},
	eprint = {1410.8146},
	journal = {\apj},
	keywords = {astrochemistry, galaxies: abundances, galaxies: ISM, H II regions, ISM: abundances, Astrophysics - Astrophysics of Galaxies},
	month = jan,
	number = {2},
	pages = {99},
	primaryclass = {astro-ph.GA},
	title = {{IZI: Inferring the Gas Phase Metallicity (Z) and Ionization Parameter (q) of Ionized Nebulae Using Bayesian Statistics}},
	volume = {798},
	year = 2015,
	Bdsk-Url-1 = {https://doi.org/10.1088/0004-637X/798/2/99}}

@article{Bundy:2015,
	adsnote = {Provided by the SAO/NASA Astrophysics Data System},
	adsurl = {https://ui.adsabs.harvard.edu/abs/2015ApJ...798....7B},
	archiveprefix = {arXiv},
	author = {{Bundy}, Kevin and {Bershady}, Matthew A. and {Law}, David R. and {Yan}, Renbin and {Drory}, Niv and {MacDonald}, Nicholas and {Wake}, David A. and {Cherinka}, Brian and {S{\'a}nchez-Gallego}, Jos{\'e} R. and {Weijmans}, Anne-Marie and {Thomas}, Daniel and {Tremonti}, Christy and {Masters}, Karen and {Coccato}, Lodovico and {Diamond-Stanic}, Aleksandar M. and {Arag{\'o}n-Salamanca}, Alfonso and {Avila-Reese}, Vladimir and {Badenes}, Carles and {Falc{\'o}n-Barroso}, J{\'e}sus and {Belfiore}, Francesco and {Bizyaev}, Dmitry and {Blanc}, Guillermo A. and {Bland-Hawthorn}, Joss and {Blanton}, Michael R. and {Brownstein}, Joel R. and {Byler}, Nell and {Cappellari}, Michele and {Conroy}, Charlie and {Dutton}, Aaron A. and {Emsellem}, Eric and {Etherington}, James and {Frinchaboy}, Peter M. and {Fu}, Hai and {Gunn}, James E. and {Harding}, Paul and {Johnston}, Evelyn J. and {Kauffmann}, Guinevere and {Kinemuchi}, Karen and {Klaene}, Mark A. and {Knapen}, Johan H. and {Leauthaud}, Alexie and {Li}, Cheng and {Lin}, Lihwai and {Maiolino}, Roberto and {Malanushenko}, Viktor and {Malanushenko}, Elena and {Mao}, Shude and {Maraston}, Claudia and {McDermid}, Richard M. and {Merrifield}, Michael R. and {Nichol}, Robert C. and {Oravetz}, Daniel and {Pan}, Kaike and {Parejko}, John K. and {Sanchez}, Sebastian F. and {Schlegel}, David and {Simmons}, Audrey and {Steele}, Oliver and {Steinmetz}, Matthias and {Thanjavur}, Karun and {Thompson}, Benjamin A. and {Tinker}, Jeremy L. and {van den Bosch}, Remco C.~E. and {Westfall}, Kyle B. and {Wilkinson}, David and {Wright}, Shelley and {Xiao}, Ting and {Zhang}, Kai},
	date-added = {2020-03-26 17:21:18 -0500},
	date-modified = {2020-03-31 13:32:45 -0500},
	doi = {10.1088/0004-637X/798/1/7},
	eid = {7},
	eprint = {1412.1482},
	journal = {\apj},
	keywords = {galaxies: evolution, galaxies: general, surveys, techniques: imaging spectroscopy, Astrophysics - Astrophysics of Galaxies},
	month = jan,
	number = {1},
	pages = {7},
	primaryclass = {astro-ph.GA},
	title = {{Overview of the SDSS-IV MaNGA Survey: Mapping nearby Galaxies at Apache Point Observatory}},
	volume = {798},
	year = 2015,
	Bdsk-Url-1 = {https://doi.org/10.1088/0004-637X/798/1/7}}

@article{Salim:2014,
	adsnote = {Provided by the SAO/NASA Astrophysics Data System},
	adsurl = {https://ui.adsabs.harvard.edu/abs/2014ApJ...797..126S},
	archiveprefix = {arXiv},
	author = {{Salim}, Samir and {Lee}, Janice C. and {Ly}, Chun and {Brinchmann}, Jarle and {Dav{\'e}}, Romeel and {Dickinson}, Mark and {Salzer}, John J. and {Charlot}, St{\'e}phane},
	date-added = {2020-03-26 17:21:18 -0500},
	date-modified = {2020-03-31 13:32:45 -0500},
	doi = {10.1088/0004-637X/797/2/126},
	eid = {126},
	eprint = {1411.7391},
	journal = {\apj},
	keywords = {galaxies: abundances, galaxies: evolution, galaxies: fundamental parameters, Astrophysics - Astrophysics of Galaxies},
	month = dec,
	number = {2},
	pages = {126},
	primaryclass = {astro-ph.GA},
	title = {{A Critical Look at the Mass-Metallicity-Star Formation Rate Relation in the Local Universe. I. An Improved Analysis Framework and Confounding Systematics}},
	volume = {797},
	year = 2014,
	Bdsk-Url-1 = {https://doi.org/10.1088/0004-637X/797/2/126}}

@article{Robotham:2014,
	adsnote = {Provided by the SAO/NASA Astrophysics Data System},
	adsurl = {https://ui.adsabs.harvard.edu/abs/2014MNRAS.444.3986R},
	archiveprefix = {arXiv},
	author = {{Robotham}, A.~S.~G. and {Driver}, S.~P. and {Davies}, L.~J.~M. and {Hopkins}, A.~M. and {Baldry}, I.~K. and {Agius}, N.~K. and {Bauer}, A.~E. and {Bland-Hawthorn}, J. and {Brough}, S. and {Brown}, M.~J.~I. and {Cluver}, M. and {De Propris}, R. and {Drinkwater}, M.~J. and {Holwerda}, B.~W. and {Kelvin}, L.~S. and {Lara-Lopez}, M.~A. and {Liske}, J. and {L{\'o}pez-S{\'a}nchez}, {\'A}. R. and {Loveday}, J. and {Mahajan}, S. and {McNaught-Roberts}, T. and {Moffett}, A. and {Norberg}, P. and {Obreschkow}, D. and {Owers}, M.~S. and {Penny}, S.~J. and {Pimbblet}, K. and {Prescott}, M. and {Taylor}, E.~N. and {van Kampen}, E. and {Wilkins}, S.~M.},
	date-added = {2020-03-26 17:21:18 -0500},
	date-modified = {2020-03-31 13:32:45 -0500},
	doi = {10.1093/mnras/stu1604},
	eprint = {1408.1476},
	journal = {\mnras},
	keywords = {galaxies: evolution, galaxies: fundamental parameters, galaxies: interactions, galaxies: kinematics and dynamics, galaxies: luminosity function, mass function, galaxies: stellar content, Astrophysics - Astrophysics of Galaxies, Astrophysics - Cosmology and Nongalactic Astrophysics},
	month = nov,
	number = {4},
	pages = {3986-4008},
	primaryclass = {astro-ph.GA},
	title = {{Galaxy And Mass Assembly (GAMA): galaxy close pairs, mergers and the future fate of stellar mass}},
	volume = {444},
	year = 2014,
	Bdsk-Url-1 = {https://doi.org/10.1093/mnras/stu1604}}

@article{Rosa:2014,
	adsnote = {Provided by the SAO/NASA Astrophysics Data System},
	adsurl = {https://ui.adsabs.harvard.edu/abs/2014MNRAS.444.2005R},
	archiveprefix = {arXiv},
	author = {{Rosa}, D.~A. and {Dors}, O.~L. and {Krabbe}, A.~C. and {H{\"a}gele}, G.~F. and {Cardaci}, M.~V. and {Pastoriza}, M.~G. and {Rodrigues}, I. and {Winge}, C.},
	date-added = {2020-03-26 17:21:18 -0500},
	date-modified = {2020-03-31 13:32:45 -0500},
	doi = {10.1093/mnras/stu1578},
	eprint = {1408.0980},
	journal = {\mnras},
	keywords = {techniques: imaging spectroscopy, ISM: abundances, galaxies: abundances, galaxies: interactions, Astrophysics - Astrophysics of Galaxies},
	month = nov,
	number = {3},
	pages = {2005-2021},
	primaryclass = {astro-ph.GA},
	title = {{Interaction effects on galaxy pairs with Gemini/GMOS - II: oxygen abundance gradients}},
	volume = {444},
	year = 2014,
	Bdsk-Url-1 = {https://doi.org/10.1093/mnras/stu1578}}

@misc{Newville:2014,
	adsnote = {Provided by the SAO/NASA Astrophysics Data System},
	adsurl = {https://ui.adsabs.harvard.edu/abs/2014zndo.....11813N},
	author = {{Newville}, Matthew and {Stensitzki}, Till and {Allen}, Daniel B. and {Ingargiola}, Antonino},
	date-added = {2020-03-26 17:21:18 -0500},
	date-modified = {2020-03-31 13:32:45 -0500},
	doi = {10.5281/zenodo.11813},
	eid = {10.5281/zenodo.11813},
	keywords = {python, non-linear least-squares optimization, curve-fitting},
	month = sep,
	publisher = {Zenodo},
	title = {{LMFIT: Non-Linear Least-Square Minimization and Curve-Fitting for Python}},
	version = {0.8.0},
	year = 2014,
	Bdsk-Url-1 = {https://doi.org/10.5281/zenodo.11813}}

@article{Sanchez:2014,
	adsnote = {Provided by the SAO/NASA Astrophysics Data System},
	adsurl = {https://ui.adsabs.harvard.edu/abs/2014A&A...563A..49S},
	archiveprefix = {arXiv},
	author = {{S{\'a}nchez}, S.~F. and {Rosales-Ortega}, F.~F. and {Iglesias-P{\'a}ramo}, J. and {Moll{\'a}}, M. and {Barrera-Ballesteros}, J. and {Marino}, R.~A. and {P{\'e}rez}, E. and {S{\'a}nchez-Blazquez}, P. and {Gonz{\'a}lez Delgado}, R. and {Cid Fernand es}, R. and {de Lorenzo-C{\'a}ceres}, A. and {Mendez-Abreu}, J. and {Galbany}, L. and {Falcon-Barroso}, J. and {Miralles-Caballero}, D. and {Husemann}, B. and {Garc{\'\i}a-Benito}, R. and {Mast}, D. and {Walcher}, C.~J. and {Gil de Paz}, A. and {Garc{\'\i}a-Lorenzo}, B. and {Jungwiert}, B. and {V{\'\i}lchez}, J.~M. and {J{\'\i}lkov{\'a}}, Lucie and {Lyubenova}, M. and {Cortijo-Ferrero}, C. and {D{\'\i}az}, A.~I. and {Wisotzki}, L. and {M{\'a}rquez}, I. and {Bland-Hawthorn}, J. and {Ellis}, S. and {van de Ven}, G. and {Jahnke}, K. and {Papaderos}, P. and {Gomes}, J.~M. and {Mendoza}, M.~A. and {L{\'o}pez-S{\'a}nchez}, {\'A}. R.},
	date-added = {2020-03-26 17:21:18 -0500},
	date-modified = {2020-03-31 13:32:45 -0500},
	doi = {10.1051/0004-6361/201322343},
	eid = {A49},
	eprint = {1311.7052},
	journal = {\aap},
	keywords = {HII regions, galaxies: ISM, ISM: abundances, galaxies: abundances, galaxies: evolution, galaxies: star formation, Astrophysics - Cosmology and Nongalactic Astrophysics},
	month = mar,
	pages = {A49},
	primaryclass = {astro-ph.CO},
	title = {{A characteristic oxygen abundance gradient in galaxy disks unveiled with CALIFA}},
	volume = {563},
	year = 2014,
	Bdsk-Url-1 = {https://doi.org/10.1051/0004-6361/201322343}}

@article{Mendel:2014,
	adsnote = {Provided by the SAO/NASA Astrophysics Data System},
	adsurl = {https://ui.adsabs.harvard.edu/abs/2014ApJS..210....3M},
	archiveprefix = {arXiv},
	author = {{Mendel}, J. Trevor and {Simard}, Luc and {Palmer}, Michael and {Ellison}, Sara L. and {Patton}, David R.},
	date-added = {2020-03-26 17:21:18 -0500},
	date-modified = {2020-03-31 13:32:45 -0500},
	doi = {10.1088/0067-0049/210/1/3},
	eid = {3},
	eprint = {1310.8304},
	journal = {\apjs},
	keywords = {galaxies: bulges, galaxies: fundamental parameters, galaxies: statistics, galaxies: structure, Astrophysics - Cosmology and Nongalactic Astrophysics},
	month = jan,
	number = {1},
	pages = {3},
	primaryclass = {astro-ph.CO},
	title = {{A Catalog of Bulge, Disk, and Total Stellar Mass Estimates for the Sloan Digital Sky Survey}},
	volume = {210},
	year = 2014,
	Bdsk-File-1 = {YnBsaXN0MDDSAQIDBFxyZWxhdGl2ZVBhdGhZYWxpYXNEYXRhXxAoLi4vLi4vLi4vRG93bmxvYWRzL2V4cG9ydC1iaWJ0ZXgoMjEpLmJpYk8RAWQAAAAAAWQAAgAADE1hY2ludG9zaCBIRAAAAAAAAAAAAAAAAAAAAAAAAABCRAAB/////xVleHBvcnQtYmlidGV4KDIxKS5iaWIAAAAAAAAAAAAAAAAAAAAAAAAAAAAAAAAAAAAAAAAAAAAAAAAAAAAAAAD/////AAAAAAAAAAAAAAAAAAMAAgAACiBjdQAAAAAAAAAAAAAAAAAJRG93bmxvYWRzAAACAC4vOlVzZXJzOmpvc2h1YTpEb3dubG9hZHM6ZXhwb3J0LWJpYnRleCgyMSkuYmliAA4ALAAVAGUAeABwAG8AcgB0AC0AYgBpAGIAdABlAHgAKAAyADEAKQAuAGIAaQBiAA8AGgAMAE0AYQBjAGkAbgB0AG8AcwBoACAASABEABIALFVzZXJzL2pvc2h1YS9Eb3dubG9hZHMvZXhwb3J0LWJpYnRleCgyMSkuYmliABMAAS8AABUAAgAN//8AAAAIAA0AGgAkAE8AAAAAAAACAQAAAAAAAAAFAAAAAAAAAAAAAAAAAAABtw==},
	Bdsk-Url-1 = {https://doi.org/10.1088/0067-0049/210/1/3}}

@article{Ellison:2013,
	adsnote = {Provided by the SAO/NASA Astrophysics Data System},
	adsurl = {https://ui.adsabs.harvard.edu/abs/2013MNRAS.435.3627E},
	archiveprefix = {arXiv},
	author = {{Ellison}, Sara L. and {Mendel}, J. Trevor and {Patton}, David R. and {Scudder}, Jillian M.},
	date-added = {2020-03-26 17:21:18 -0500},
	date-modified = {2020-03-31 13:32:45 -0500},
	doi = {10.1093/mnras/stt1562},
	eprint = {1308.3707},
	journal = {\mnras},
	keywords = {galaxies: abundances, galaxies: active, galaxies: evolution, galaxies: interactions, galaxies: Seyfert, galaxies: starburst, Astrophysics - Cosmology and Nongalactic Astrophysics},
	month = nov,
	number = {4},
	pages = {3627-3638},
	primaryclass = {astro-ph.CO},
	title = {{Galaxy pairs in the Sloan Digital Sky Survey - VIII. The observational properties of post-merger galaxies}},
	volume = {435},
	year = 2013,
	Bdsk-Url-1 = {https://doi.org/10.1093/mnras/stt1562}}

@article{Marino:2013,
	adsnote = {Provided by the SAO/NASA Astrophysics Data System},
	adsurl = {https://ui.adsabs.harvard.edu/abs/2013A&A...559A.114M},
	archiveprefix = {arXiv},
	author = {{Marino}, R.~A. and {Rosales-Ortega}, F.~F. and {S{\'a}nchez}, S.~F. and {Gil de Paz}, A. and {V{\'\i}lchez}, J. and {Miralles-Caballero}, D. and {Kehrig}, C. and {P{\'e}rez-Montero}, E. and {Stanishev}, V. and {Iglesias-P{\'a}ramo}, J. and {D{\'\i}az}, A.~I. and {Castillo-Morales}, A. and {Kennicutt}, R. and {L{\'o}pez-S{\'a}nchez}, A.~R. and {Galbany}, L. and {Garc{\'\i}a-Benito}, R. and {Mast}, D. and {Mendez-Abreu}, J. and {Monreal-Ibero}, A. and {Husemann}, B. and {Walcher}, C.~J. and {Garc{\'\i}a-Lorenzo}, B. and {Masegosa}, J. and {Del Olmo Orozco}, A. and {Mour{\~a}o}, A.~M. and {Ziegler}, B. and {Moll{\'a}}, M. and {Papaderos}, P. and {S{\'a}nchez-Bl{\'a}zquez}, P. and {Gonz{\'a}lez Delgado}, R.~M. and {Falc{\'o}n-Barroso}, J. and {Roth}, M.~M. and {van de Ven}, G. and {Califa Team}},
	date-added = {2020-03-26 17:21:18 -0500},
	date-modified = {2020-07-10 12:15:41 -0500},
	doi = {10.1051/0004-6361/201321956},
	eid = {A114},
	eprint = {1307.5316},
	journal = {\aap},
	keywords = {Galaxy: abundances, Galaxy: evolution, ISM: abundances, HII regions, techniques: spectroscopic, Astrophysics - Cosmology and Nongalactic Astrophysics},
	month = nov,
	pages = {A114},
	primaryclass = {astro-ph.CO},
	title = {{The O3N2 and N2 abundance indicators revisited: improved calibrations based on CALIFA and T$_{e}$-based literature data}},
	volume = {559},
	year = 2013,
	Bdsk-File-1 = {YnBsaXN0MDDSAQIDBFxyZWxhdGl2ZVBhdGhZYWxpYXNEYXRhXxAnLi4vLi4vLi4vRG93bmxvYWRzL2V4cG9ydC1iaWJ0ZXgoNSkuYmliTxEBZgAAAAABZgACAAAMTWFjaW50b3NoIEhEAAAAAAAAAAAAAAAAAAAAAAAAAEJEAAH/////FGV4cG9ydC1iaWJ0ZXgoNSkuYmliAAAAAAAAAAAAAAAAAAAAAAAAAAAAAAAAAAAAAAAAAAAAAAAAAAAAAAAAAP////8AAAAAAAAAAAAAAAAAAwACAAAKIGN1AAAAAAAAAAAAAAAAAAlEb3dubG9hZHMAAAIAMC86VXNlcnM6amxzdGVmZmVuOkRvd25sb2FkczpleHBvcnQtYmlidGV4KDUpLmJpYgAOACoAFABlAHgAcABvAHIAdAAtAGIAaQBiAHQAZQB4ACgANQApAC4AYgBpAGIADwAaAAwATQBhAGMAaQBuAHQAbwBzAGgAIABIAEQAEgAuVXNlcnMvamxzdGVmZmVuL0Rvd25sb2Fkcy9leHBvcnQtYmlidGV4KDUpLmJpYgATAAEvAAAVAAIAEP//AAAACAANABoAJABOAAAAAAAAAgEAAAAAAAAABQAAAAAAAAAAAAAAAAAAAbg=},
	Bdsk-Url-1 = {https://doi.org/10.1051/0004-6361/201321956}}

@article{Richardson:2013,
	adsnote = {Provided by the SAO/NASA Astrophysics Data System},
	adsurl = {https://ui.adsabs.harvard.edu/abs/2013arXiv1309.1169R},
	archiveprefix = {arXiv},
	author = {{Richardson}, Mark L.~A. and {Levesque}, Emily M. and {McLinden}, Emily M. and {Malhotra}, Sangeeta and {Rhoads}, James E. and {Xia}, Lifang},
	date-added = {2020-03-26 17:21:18 -0500},
	date-modified = {2020-03-31 13:32:45 -0500},
	eid = {arXiv:1309.1169},
	eprint = {1309.1169},
	journal = {arXiv e-prints},
	keywords = {Astrophysics - Galaxy Astrophysics, Astrophysics - Cosmology and Extragalactic Astrophysics},
	month = sep,
	pages = {arXiv:1309.1169},
	primaryclass = {astro-ph.GA},
	title = {{High-Redshift Galaxies with Large Ionization Parameters}},
	year = 2013}

@article{Dopita:2013,
	adsnote = {Provided by the SAO/NASA Astrophysics Data System},
	adsurl = {https://ui.adsabs.harvard.edu/abs/2013ApJS..208...10D},
	archiveprefix = {arXiv},
	author = {{Dopita}, Michael A. and {Sutherland}, Ralph S. and {Nicholls}, David C. and {Kewley}, Lisa J. and {Vogt}, Fr{\'e}d{\'e}ric P.~A.},
	date-added = {2020-03-26 17:21:18 -0500},
	date-modified = {2020-03-31 13:32:45 -0500},
	doi = {10.1088/0067-0049/208/1/10},
	eid = {10},
	eprint = {1307.5950},
	journal = {\apjs},
	keywords = {atomic data, atomic processes, H II regions, ISM: abundances, plasmas, Astrophysics - Cosmology and Nongalactic Astrophysics},
	month = sep,
	number = {1},
	pages = {10},
	primaryclass = {astro-ph.CO},
	title = {{New Strong-line Abundance Diagnostics for H II Regions: Effects of {\ensuremath{\kappa}}-distributed Electron Energies and New Atomic Data}},
	volume = {208},
	year = 2013,
	Bdsk-Url-1 = {https://doi.org/10.1088/0067-0049/208/1/10}}

@article{Smee:2013,
	adsnote = {Provided by the SAO/NASA Astrophysics Data System},
	adsurl = {https://ui.adsabs.harvard.edu/abs/2013AJ....146...32S},
	archiveprefix = {arXiv},
	author = {{Smee}, Stephen A. and {Gunn}, James E. and {Uomoto}, Alan and {Roe}, Natalie and {Schlegel}, David and {Rockosi}, Constance M. and {Carr}, Michael A. and {Leger}, French and {Dawson}, Kyle S. and {Olmstead}, Matthew D. and {Brinkmann}, Jon and {Owen}, Russell and {Barkhouser}, Robert H. and {Honscheid}, Klaus and {Harding}, Paul and {Long}, Dan and {Lupton}, Robert H. and {Loomis}, Craig and {Anderson}, Lauren and {Annis}, James and {Bernardi}, Mariangela and {Bhardwaj}, Vaishali and {Bizyaev}, Dmitry and {Bolton}, Adam S. and {Brewington}, Howard and {Briggs}, John W. and {Burles}, Scott and {Burns}, James G. and {Castander}, Francisco Javier and {Connolly}, Andrew and {Davenport}, James R.~A. and {Ebelke}, Garrett and {Epps}, Harland and {Feldman}, Paul D. and {Friedman}, Scott D. and {Frieman}, Joshua and {Heckman}, Timothy and {Hull}, Charles L. and {Knapp}, Gillian R. and {Lawrence}, David M. and {Loveday}, Jon and {Mannery}, Edward J. and {Malanushenko}, Elena and {Malanushenko}, Viktor and {Merrelli}, Aronne James and {Muna}, Demitri and {Newman}, Peter R. and {Nichol}, Robert C. and {Oravetz}, Daniel and {Pan}, Kaike and {Pope}, Adrian C. and {Ricketts}, Paul G. and {Shelden}, Alaina and {Sandford}, Dale and {Siegmund}, Walter and {Simmons}, Audrey and {Smith}, D. Shane and {Snedden}, Stephanie and {Schneider}, Donald P. and {SubbaRao}, Mark and {Tremonti}, Christy and {Waddell}, Patrick and {York}, Donald G.},
	date-added = {2020-03-26 17:21:18 -0500},
	date-modified = {2020-03-31 13:32:45 -0500},
	doi = {10.1088/0004-6256/146/2/32},
	eid = {32},
	eprint = {1208.2233},
	journal = {\aj},
	keywords = {cosmology: observations, instrumentation: spectrographs, surveys, Astrophysics - Instrumentation and Methods for Astrophysics},
	month = aug,
	number = {2},
	pages = {32},
	primaryclass = {astro-ph.IM},
	title = {{The Multi-object, Fiber-fed Spectrographs for the Sloan Digital Sky Survey and the Baryon Oscillation Spectroscopic Survey}},
	volume = {146},
	year = 2013,
	Bdsk-Url-1 = {https://doi.org/10.1088/0004-6256/146/2/32}}

@article{Patton:2013,
	adsnote = {Provided by the SAO/NASA Astrophysics Data System},
	adsurl = {https://ui.adsabs.harvard.edu/abs/2013MNRAS.433L..59P},
	archiveprefix = {arXiv},
	author = {{Patton}, David R. and {Torrey}, Paul and {Ellison}, Sara L. and {Mendel}, J. Trevor and {Scudder}, Jillian M.},
	date-added = {2020-03-26 17:21:18 -0500},
	date-modified = {2020-03-31 13:32:45 -0500},
	doi = {10.1093/mnrasl/slt058},
	eprint = {1305.1595},
	journal = {\mnras},
	keywords = {galaxies: evolution, galaxies: interactions, galaxies: star formation, Astrophysics - Cosmology and Nongalactic Astrophysics},
	month = jun,
	number = {1},
	pages = {L59-L63},
	primaryclass = {astro-ph.CO},
	title = {{Galaxy pairs in the Sloan Digital Sky Survey - VI. The orbital extent of enhanced star formation in interacting galaxies}},
	volume = {433},
	year = 2013,
	Bdsk-Url-1 = {https://doi.org/10.1093/mnrasl/slt058}}

@article{Sanchez:2013,
	adsnote = {Provided by the SAO/NASA Astrophysics Data System},
	adsurl = {https://ui.adsabs.harvard.edu/abs/2013A&A...554A..58S},
	archiveprefix = {arXiv},
	author = {{S{\'a}nchez}, S.~F. and {Rosales-Ortega}, F.~F. and {Jungwiert}, B. and {Iglesias-P{\'a}ramo}, J. and {V{\'\i}lchez}, J.~M. and {Marino}, R.~A. and {Walcher}, C.~J. and {Husemann}, B. and {Mast}, D. and {Monreal-Ibero}, A. and {Cid Fernandes}, R. and {P{\'e}rez}, E. and {Gonz{\'a}lez Delgado}, R. and {Garc{\'\i}a-Benito}, R. and {Galbany}, L. and {van de Ven}, G. and {Jahnke}, K. and {Flores}, H. and {Bland-Hawthorn}, J. and {L{\'o}pez-S{\'a}nchez}, A.~R. and {Stanishev}, V. and {Miralles-Caballero}, D. and {D{\'\i}az}, A.~I. and {S{\'a}nchez-Blazquez}, P. and {Moll{\'a}}, M. and {Gallazzi}, A. and {Papaderos}, P. and {Gomes}, J.~M. and {Gruel}, N. and {P{\'e}rez}, I. and {Ruiz-Lara}, T. and {Florido}, E. and {de Lorenzo-C{\'a}ceres}, A. and {Mendez-Abreu}, J. and {Kehrig}, C. and {Roth}, M.~M. and {Ziegler}, B. and {Alves}, J. and {Wisotzki}, L. and {Kupko}, D. and {Quirrenbach}, A. and {Bomans}, D. and {Califa Collaboration}},
	date-added = {2020-03-26 17:21:18 -0500},
	date-modified = {2020-03-31 13:32:45 -0500},
	doi = {10.1051/0004-6361/201220669},
	eid = {A58},
	eprint = {1304.2158},
	journal = {\aap},
	keywords = {abundances, galaxies: ISM, galaxies: fundamental parameters, galaxies: spiral, galaxies: structure, galaxies: evolution, Astrophysics - Cosmology and Nongalactic Astrophysics},
	month = jun,
	pages = {A58},
	primaryclass = {astro-ph.CO},
	title = {{Mass-metallicity relation explored with CALIFA. I. Is there a dependence on the star-formation rate?}},
	volume = {554},
	year = 2013,
	Bdsk-Url-1 = {https://doi.org/10.1051/0004-6361/201220669}}

@article{Andrews:2013,
	adsnote = {Provided by the SAO/NASA Astrophysics Data System},
	adsurl = {https://ui.adsabs.harvard.edu/abs/2013ApJ...765..140A},
	archiveprefix = {arXiv},
	author = {{Andrews}, Brett H. and {Martini}, Paul},
	date-added = {2020-03-26 17:21:18 -0500},
	date-modified = {2020-03-31 13:32:45 -0500},
	doi = {10.1088/0004-637X/765/2/140},
	eid = {140},
	eprint = {1211.3418},
	journal = {\apj},
	keywords = {galaxies: abundances, galaxies: evolution, galaxies: general, galaxies: ISM, galaxies: stellar content, ISM: abundances, Astrophysics - Cosmology and Nongalactic Astrophysics},
	month = mar,
	number = {2},
	pages = {140},
	primaryclass = {astro-ph.CO},
	title = {{The Mass-Metallicity Relation with the Direct Method on Stacked Spectra of SDSS Galaxies}},
	volume = {765},
	year = 2013,
	Bdsk-Url-1 = {https://doi.org/10.1088/0004-637X/765/2/140}}

@article{Scudder:2012,
	adsnote = {Provided by the SAO/NASA Astrophysics Data System},
	adsurl = {https://ui.adsabs.harvard.edu/abs/2012MNRAS.426..549S},
	archiveprefix = {arXiv},
	author = {{Scudder}, Jillian M. and {Ellison}, Sara L. and {Torrey}, Paul and {Patton}, David R. and {Mendel}, J. Trevor},
	date-added = {2020-03-26 17:21:18 -0500},
	date-modified = {2020-03-31 13:32:45 -0500},
	doi = {10.1111/j.1365-2966.2012.21749.x},
	eprint = {1207.4791},
	journal = {\mnras},
	keywords = {galaxies: abundances, galaxies: interactions, galaxies: star formation, Astrophysics - Cosmology and Nongalactic Astrophysics},
	month = oct,
	number = {1},
	pages = {549-565},
	primaryclass = {astro-ph.CO},
	title = {{Galaxy pairs in the Sloan Digital Sky Survey - V. Tracing changes in star formation rate and metallicity out to separations of 80 kpc}},
	volume = {426},
	year = 2012,
	Bdsk-Url-1 = {https://doi.org/10.1111/j.1365-2966.2012.21749.x}}

@article{Rosales-Ortega:2012,
	adsnote = {Provided by the SAO/NASA Astrophysics Data System},
	adsurl = {https://ui.adsabs.harvard.edu/abs/2012ApJ...756L..31R},
	archiveprefix = {arXiv},
	author = {{Rosales-Ortega}, F.~F. and {S{\'a}nchez}, S.~F. and {Iglesias-P{\'a}ramo}, J. and {D{\'\i}az}, A.~I. and {V{\'\i}lchez}, J.~M. and {Bland-Hawthorn}, J. and {Husemann}, B. and {Mast}, D.},
	date-added = {2020-03-26 17:21:18 -0500},
	date-modified = {2020-03-31 13:32:45 -0500},
	doi = {10.1088/2041-8205/756/2/L31},
	eid = {L31},
	eprint = {1207.6216},
	journal = {\apjl},
	keywords = {galaxies: abundances, galaxies: fundamental parameters, galaxies: ISM, galaxies: stellar content, techniques: imaging spectroscopy, Astrophysics - Cosmology and Nongalactic Astrophysics},
	month = sep,
	number = {2},
	pages = {L31},
	primaryclass = {astro-ph.CO},
	title = {{A New Scaling Relation for H II Regions in Spiral Galaxies: Unveiling the True Nature of the Mass-Metallicity Relation}},
	volume = {756},
	year = 2012,
	Bdsk-Url-1 = {https://doi.org/10.1088/2041-8205/756/2/L31}}

@article{Xu:2012,
	adsnote = {Provided by the SAO/NASA Astrophysics Data System},
	adsurl = {https://ui.adsabs.harvard.edu/abs/2012ApJ...747...85X},
	archiveprefix = {arXiv},
	author = {{Xu}, C. Kevin and {Zhao}, Yinghe and {Scoville}, N. and {Capak}, P. and {Drory}, N. and {Gao}, Y.},
	date-added = {2020-03-26 17:21:18 -0500},
	date-modified = {2020-03-31 13:32:45 -0500},
	doi = {10.1088/0004-637X/747/2/85},
	eid = {85},
	eprint = {1109.3693},
	journal = {\apj},
	keywords = {galaxies: evolution, galaxies: general, galaxies: interactions, galaxies: starburst, Astrophysics - Cosmology and Nongalactic Astrophysics},
	month = mar,
	number = {2},
	pages = {85},
	primaryclass = {astro-ph.CO},
	title = {{Major-merger Galaxy Pairs in the COSMOS Field{\textemdash}Mass-dependent Merger Rate Evolution since z = 1}},
	volume = {747},
	year = 2012,
	Bdsk-Url-1 = {https://doi.org/10.1088/0004-637X/747/2/85}}

@article{Croom:2012,
	adsnote = {Provided by the SAO/NASA Astrophysics Data System},
	adsurl = {https://ui.adsabs.harvard.edu/abs/2012MNRAS.421..872C},
	archiveprefix = {arXiv},
	author = {{Croom}, Scott M. and {Lawrence}, Jon S. and {Bland-Hawthorn}, Joss and {Bryant}, Julia J. and {Fogarty}, Lisa and {Richards}, Samuel and {Goodwin}, Michael and {Farrell}, Tony and {Miziarski}, Stan and {Heald}, Ron and {Jones}, D. Heath and {Lee}, Steve and {Colless}, Matthew and {Brough}, Sarah and {Hopkins}, Andrew M. and {Bauer}, Amanda E. and {Birchall}, Michael N. and {Ellis}, Simon and {Horton}, Anthony and {Leon-Saval}, Sergio and {Lewis}, Geraint and {L{\'o}pez-S{\'a}nchez}, {\'A}. R. and {Min}, Seong-Sik and {Trinh}, Christopher and {Trowland}, Holly},
	date-added = {2020-03-26 17:21:18 -0500},
	date-modified = {2020-03-31 13:32:45 -0500},
	doi = {10.1111/j.1365-2966.2011.20365.x},
	eprint = {1112.3367},
	journal = {\mnras},
	keywords = {instrumentation: spectrographs, techniques: imaging spectroscopy, surveys, galaxies: general, galaxies: kinematics and dynamics, Astrophysics - Cosmology and Nongalactic Astrophysics, Astrophysics - Instrumentation and Methods for Astrophysics},
	month = mar,
	number = {1},
	pages = {872-893},
	primaryclass = {astro-ph.CO},
	title = {{The Sydney-AAO Multi-object Integral field spectrograph}},
	volume = {421},
	year = 2012,
	Bdsk-Url-1 = {https://doi.org/10.1111/j.1365-2966.2011.20365.x}}

@article{Torrey:2012,
	adsnote = {Provided by the SAO/NASA Astrophysics Data System},
	adsurl = {https://ui.adsabs.harvard.edu/abs/2012ApJ...746..108T},
	archiveprefix = {arXiv},
	author = {{Torrey}, Paul and {Cox}, T.~J. and {Kewley}, Lisa and {Hernquist}, Lars},
	date-added = {2020-03-26 17:21:18 -0500},
	date-modified = {2020-03-31 13:32:45 -0500},
	doi = {10.1088/0004-637X/746/1/108},
	eid = {108},
	eprint = {1107.0001},
	journal = {\apj},
	keywords = {galaxies: abundances, galaxies: evolution, galaxies: interactions, galaxies: ISM, Astrophysics - Astrophysics of Galaxies, Astrophysics - Cosmology and Nongalactic Astrophysics},
	month = feb,
	number = {1},
	pages = {108},
	primaryclass = {astro-ph.GA},
	title = {{The Metallicity Evolution of Interacting Galaxies}},
	volume = {746},
	year = 2012,
	Bdsk-Url-1 = {https://doi.org/10.1088/0004-637X/746/1/108}}

@article{Sanchez:2012,
	adsnote = {Provided by the SAO/NASA Astrophysics Data System},
	adsurl = {https://ui.adsabs.harvard.edu/abs/2012A&A...538A...8S},
	archiveprefix = {arXiv},
	author = {{S{\'a}nchez}, S.~F. and {Kennicutt}, R.~C. and {Gil de Paz}, A. and {van de Ven}, G. and {V{\'\i}lchez}, J.~M. and {Wisotzki}, L. and {Walcher}, C.~J. and {Mast}, D. and {Aguerri}, J.~A.~L. and {Albiol-P{\'e}rez}, S. and {Alonso-Herrero}, A. and {Alves}, J. and {Bakos}, J. and {Bart{\'a}kov{\'a}}, T. and {Bland-Hawthorn}, J. and {Boselli}, A. and {Bomans}, D.~J. and {Castillo-Morales}, A. and {Cortijo-Ferrero}, C. and {de Lorenzo-C{\'a}ceres}, A. and {Del Olmo}, A. and {Dettmar}, R. -J. and {D{\'\i}az}, A. and {Ellis}, S. and {Falc{\'o}n-Barroso}, J. and {Flores}, H. and {Gallazzi}, A. and {Garc{\'\i}a-Lorenzo}, B. and {Gonz{\'a}lez Delgado}, R. and {Gruel}, N. and {Haines}, T. and {Hao}, C. and {Husemann}, B. and {Igl{\'e}sias-P{\'a}ramo}, J. and {Jahnke}, K. and {Johnson}, B. and {Jungwiert}, B. and {Kalinova}, V. and {Kehrig}, C. and {Kupko}, D. and {L{\'o}pez-S{\'a}nchez}, {\'A}. R. and {Lyubenova}, M. and {Marino}, R.~A. and {M{\'a}rmol-Queralt{\'o}}, E. and {M{\'a}rquez}, I. and {Masegosa}, J. and {Meidt}, S. and {Mendez-Abreu}, J. and {Monreal-Ibero}, A. and {Montijo}, C. and {Mour{\~a}o}, A.~M. and {Palacios-Navarro}, G. and {Papaderos}, P. and {Pasquali}, A. and {Peletier}, R. and {P{\'e}rez}, E. and {P{\'e}rez}, I. and {Quirrenbach}, A. and {Rela{\~n}o}, M. and {Rosales-Ortega}, F.~F. and {Roth}, M.~M. and {Ruiz-Lara}, T. and {S{\'a}nchez-Bl{\'a}zquez}, P. and {Sengupta}, C. and {Singh}, R. and {Stanishev}, V. and {Trager}, S.~C. and {Vazdekis}, A. and {Viironen}, K. and {Wild}, V. and {Zibetti}, S. and {Ziegler}, B.},
	date-added = {2020-03-26 17:21:18 -0500},
	date-modified = {2020-03-31 13:32:45 -0500},
	doi = {10.1051/0004-6361/201117353},
	eid = {A8},
	eprint = {1111.0962},
	journal = {\aap},
	keywords = {techniques: spectroscopic, galaxies: active, galaxies: evolution, surveys, galaxies: ISM, galaxies: stellar content, Astrophysics - Cosmology and Nongalactic Astrophysics},
	month = feb,
	pages = {A8},
	primaryclass = {astro-ph.CO},
	title = {{CALIFA, the Calar Alto Legacy Integral Field Area survey. I. Survey presentation}},
	volume = {538},
	year = 2012,
	Bdsk-Url-1 = {https://doi.org/10.1051/0004-6361/201117353}}

@article{Fu:2012,
	adsnote = {Provided by the SAO/NASA Astrophysics Data System},
	adsurl = {https://ui.adsabs.harvard.edu/abs/2012ApJ...745...67F},
	archiveprefix = {arXiv},
	author = {{Fu}, Hai and {Yan}, Lin and {Myers}, Adam D. and {Stockton}, Alan and {Djorgovski}, S.~G. and {Aldering}, G. and {Rich}, Jeffrey A.},
	date-added = {2020-03-26 17:21:18 -0500},
	date-modified = {2020-03-31 13:32:45 -0500},
	doi = {10.1088/0004-637X/745/1/67},
	eid = {67},
	eprint = {1107.3564},
	journal = {\apj},
	keywords = {galaxies: active, galaxies: formation, galaxies: interactions, galaxies: nuclei, quasars: emission lines, Astrophysics - Cosmology and Nongalactic Astrophysics, Astrophysics - High Energy Astrophysical Phenomena},
	month = jan,
	number = {1},
	pages = {67},
	primaryclass = {astro-ph.CO},
	title = {{The Nature of Double-peaked [O III] Active Galactic Nuclei}},
	volume = {745},
	year = 2012,
	Bdsk-Url-1 = {https://doi.org/10.1088/0004-637X/745/1/67}}

@article{Liu:2012,
	adsnote = {Provided by the SAO/NASA Astrophysics Data System},
	adsurl = {https://ui.adsabs.harvard.edu/abs/2012ApJ...745...94L},
	archiveprefix = {arXiv},
	author = {{Liu}, Xin and {Shen}, Yue and {Strauss}, Michael A.},
	date-added = {2020-03-26 17:21:18 -0500},
	date-modified = {2020-03-31 13:32:45 -0500},
	doi = {10.1088/0004-637X/745/1/94},
	eid = {94},
	eprint = {1104.0951},
	journal = {\apj},
	keywords = {black hole physics, galaxies: active, galaxies: interactions, galaxies: nuclei, galaxies: stellar content, Astrophysics - Cosmology and Nongalactic Astrophysics},
	month = jan,
	number = {1},
	pages = {94},
	primaryclass = {astro-ph.CO},
	title = {{Active Galactic Nucleus Pairs from the Sloan Digital Sky Survey. II. Evidence for Tidally Enhanced Star Formation and Black Hole Accretion}},
	volume = {745},
	year = 2012,
	Bdsk-Url-1 = {https://doi.org/10.1088/0004-637X/745/1/94}}

@article{Ellison:2011,
	adsnote = {Provided by the SAO/NASA Astrophysics Data System},
	adsurl = {https://ui.adsabs.harvard.edu/abs/2011MNRAS.418.2043E},
	archiveprefix = {arXiv},
	author = {{Ellison}, Sara L. and {Patton}, David R. and {Mendel}, J. Trevor and {Scudder}, Jillian M.},
	date-added = {2020-03-26 17:21:18 -0500},
	date-modified = {2020-03-31 13:32:45 -0500},
	doi = {10.1111/j.1365-2966.2011.19624.x},
	eprint = {1108.2711},
	journal = {\mnras},
	keywords = {galaxies: active, galaxies: interactions, Astrophysics - Cosmology and Nongalactic Astrophysics},
	month = dec,
	number = {3},
	pages = {2043-2053},
	primaryclass = {astro-ph.CO},
	title = {{Galaxy pairs in the Sloan Digital Sky Survey - IV. Interactions trigger active galactic nuclei}},
	volume = {418},
	year = 2011,
	Bdsk-Url-1 = {https://doi.org/10.1111/j.1365-2966.2011.19624.x}}

@article{Perez:2011,
	adsnote = {Provided by the SAO/NASA Astrophysics Data System},
	adsurl = {https://ui.adsabs.harvard.edu/abs/2011MNRAS.417..580P},
	archiveprefix = {arXiv},
	author = {{Perez}, Josefa and {Michel-Dansac}, Leo and {Tissera}, Patricia B.},
	date-added = {2020-03-26 17:21:18 -0500},
	date-modified = {2020-03-31 13:32:45 -0500},
	doi = {10.1111/j.1365-2966.2011.19300.x},
	eprint = {1106.4556},
	journal = {\mnras},
	keywords = {galaxies: abundances, galaxies: evolution, galaxies: formation, galaxies: interactions, Astrophysics - Cosmology and Nongalactic Astrophysics, Astrophysics - Astrophysics of Galaxies},
	month = oct,
	number = {1},
	pages = {580-590},
	primaryclass = {astro-ph.CO},
	title = {{Chemical evolution during gas-rich galaxy interactions}},
	volume = {417},
	year = 2011,
	Bdsk-Url-1 = {https://doi.org/10.1111/j.1365-2966.2011.19300.x}}

@article{Simard:2011,
	adsnote = {Provided by the SAO/NASA Astrophysics Data System},
	adsurl = {https://ui.adsabs.harvard.edu/abs/2011ApJS..196...11S},
	archiveprefix = {arXiv},
	author = {{Simard}, Luc and {Mendel}, J. Trevor and {Patton}, David R. and {Ellison}, Sara L. and {McConnachie}, Alan W.},
	date-added = {2020-03-26 17:21:18 -0500},
	date-modified = {2020-03-31 13:32:45 -0500},
	doi = {10.1088/0067-0049/196/1/11},
	eid = {11},
	eprint = {1107.1518},
	journal = {\apjs},
	keywords = {galaxies: evolution, galaxies: fundamental parameters, Astrophysics - Cosmology and Nongalactic Astrophysics},
	month = sep,
	number = {1},
	pages = {11},
	primaryclass = {astro-ph.CO},
	title = {{A Catalog of Bulge+disk Decompositions and Updated Photometry for 1.12 Million Galaxies in the Sloan Digital Sky Survey}},
	volume = {196},
	year = 2011,
	Bdsk-Url-1 = {https://doi.org/10.1088/0067-0049/196/1/11}}

@article{Murphy:2011,
	adsnote = {Provided by the SAO/NASA Astrophysics Data System},
	adsurl = {https://ui.adsabs.harvard.edu/abs/2011ApJ...737...67M},
	archiveprefix = {arXiv},
	author = {{Murphy}, E.~J. and {Condon}, J.~J. and {Schinnerer}, E. and {Kennicutt}, R.~C. and {Calzetti}, D. and {Armus}, L. and {Helou}, G. and {Turner}, J.~L. and {Aniano}, G. and {Beir{\~a}o}, P. and {Bolatto}, A.~D. and {Brandl}, B.~R. and {Croxall}, K.~V. and {Dale}, D.~A. and {Donovan Meyer}, J.~L. and {Draine}, B.~T. and {Engelbracht}, C. and {Hunt}, L.~K. and {Hao}, C. -N. and {Koda}, J. and {Roussel}, H. and {Skibba}, R. and {Smith}, J. -D.~T.},
	date-added = {2020-03-26 17:21:18 -0500},
	date-modified = {2020-03-31 13:32:45 -0500},
	doi = {10.1088/0004-637X/737/2/67},
	eid = {67},
	eprint = {1105.4877},
	journal = {\apj},
	keywords = {cosmic rays, galaxies: individual: NGC 6946, H II regions, infrared: general, radio continuum: general, stars: formation, Astrophysics - Cosmology and Nongalactic Astrophysics},
	month = aug,
	number = {2},
	pages = {67},
	primaryclass = {astro-ph.CO},
	title = {{Calibrating Extinction-free Star Formation Rate Diagnostics with 33 GHz Free-free Emission in NGC 6946}},
	volume = {737},
	year = 2011,
	Bdsk-Url-1 = {https://doi.org/10.1088/0004-637X/737/2/67}}

@article{Blanton:2011,
	adsnote = {Provided by the SAO/NASA Astrophysics Data System},
	adsurl = {https://ui.adsabs.harvard.edu/abs/2011AJ....142...31B},
	archiveprefix = {arXiv},
	author = {{Blanton}, Michael R. and {Kazin}, Eyal and {Muna}, Demitri and {Weaver}, Benjamin A. and {Price-Whelan}, Adrian},
	date-added = {2020-03-26 17:21:18 -0500},
	date-modified = {2020-03-31 13:32:45 -0500},
	doi = {10.1088/0004-6256/142/1/31},
	eid = {31},
	eprint = {1105.1960},
	journal = {\aj},
	keywords = {atmospheric effects, galaxies: photometry, methods: data analysis, techniques: image processing, Astrophysics - Instrumentation and Methods for Astrophysics},
	month = jul,
	number = {1},
	pages = {31},
	primaryclass = {astro-ph.IM},
	title = {{Improved Background Subtraction for the Sloan Digital Sky Survey Images}},
	volume = {142},
	year = 2011,
	Bdsk-Url-1 = {https://doi.org/10.1088/0004-6256/142/1/31}}

@article{Cid-Fernandes:2011,
	adsnote = {Provided by the SAO/NASA Astrophysics Data System},
	adsurl = {https://ui.adsabs.harvard.edu/abs/2011MNRAS.413.1687C},
	archiveprefix = {arXiv},
	author = {{Cid Fernandes}, R. and {Stasi{\'n}ska}, G. and {Mateus}, A. and {Vale Asari}, N.},
	date-added = {2020-03-26 17:21:18 -0500},
	date-modified = {2020-03-31 13:32:45 -0500},
	doi = {10.1111/j.1365-2966.2011.18244.x},
	eprint = {1012.4426},
	journal = {\mnras},
	keywords = {galaxies: active, galaxies: evolution, galaxies: statistics, galaxies: stellar content, Astrophysics - Cosmology and Nongalactic Astrophysics},
	month = may,
	number = {3},
	pages = {1687-1699},
	primaryclass = {astro-ph.CO},
	title = {{A comprehensive classification of galaxies in the Sloan Digital Sky Survey: how to tell true from fake AGN?}},
	volume = {413},
	year = 2011,
	Bdsk-Url-1 = {https://doi.org/10.1111/j.1365-2966.2011.18244.x}}

@article{Wong:2011,
	adsnote = {Provided by the SAO/NASA Astrophysics Data System},
	adsurl = {https://ui.adsabs.harvard.edu/abs/2011ApJ...728..119W},
	archiveprefix = {arXiv},
	author = {{Wong}, Kenneth C. and {Blanton}, Michael R. and {Burles}, Scott M. and {Coil}, Alison L. and {Cool}, Richard J. and {Eisenstein}, Daniel J. and {Moustakas}, John and {Zhu}, Guangtun and {Arnouts}, St{\'e}phane},
	date-added = {2020-03-26 17:21:18 -0500},
	date-modified = {2020-03-31 13:32:45 -0500},
	doi = {10.1088/0004-637X/728/2/119},
	eid = {119},
	eprint = {1012.1324},
	journal = {\apj},
	keywords = {galaxies: interactions, Astrophysics - Cosmology and Nongalactic Astrophysics},
	month = feb,
	number = {2},
	pages = {119},
	primaryclass = {astro-ph.CO},
	title = {{PRIMUS: Enhanced Specific Star Formation Rates in Close Galaxy Pairs}},
	volume = {728},
	year = 2011,
	Bdsk-Url-1 = {https://doi.org/10.1088/0004-637X/728/2/119}}

@article{Rupke:2010,
	adsnote = {Provided by the SAO/NASA Astrophysics Data System},
	adsurl = {https://ui.adsabs.harvard.edu/abs/2010ApJ...723.1255R},
	archiveprefix = {arXiv},
	author = {{Rupke}, David S.~N. and {Kewley}, Lisa J. and {Chien}, L. -H.},
	date-added = {2020-03-26 17:21:18 -0500},
	date-modified = {2020-03-31 13:32:45 -0500},
	doi = {10.1088/0004-637X/723/2/1255},
	eprint = {1009.0761},
	journal = {\apj},
	keywords = {galaxies: abundances, galaxies: evolution, galaxies: interactions, galaxies: ISM, Astrophysics - Astrophysics of Galaxies},
	month = nov,
	number = {2},
	pages = {1255-1271},
	primaryclass = {astro-ph.GA},
	title = {{Gas-phase Oxygen Gradients in Strongly Interacting Galaxies. I. Early-stage Interactions}},
	volume = {723},
	year = 2010,
	Bdsk-Url-1 = {https://doi.org/10.1088/0004-637X/723/2/1255}}

@article{Mannucci:2010,
	adsnote = {Provided by the SAO/NASA Astrophysics Data System},
	adsurl = {https://ui.adsabs.harvard.edu/abs/2010MNRAS.408.2115M},
	archiveprefix = {arXiv},
	author = {{Mannucci}, F. and {Cresci}, G. and {Maiolino}, R. and {Marconi}, A. and {Gnerucci}, A.},
	date-added = {2020-03-26 17:21:18 -0500},
	date-modified = {2020-03-31 13:32:45 -0500},
	doi = {10.1111/j.1365-2966.2010.17291.x},
	eprint = {1005.0006},
	journal = {\mnras},
	keywords = {galaxies: abundances, galaxies: formation, galaxies: high-redshift, galaxies: starburst, Astrophysics - Cosmology and Nongalactic Astrophysics},
	month = nov,
	number = {4},
	pages = {2115-2127},
	primaryclass = {astro-ph.CO},
	title = {{A fundamental relation between mass, star formation rate and metallicity in local and high-redshift galaxies}},
	volume = {408},
	year = 2010,
	Bdsk-Url-1 = {https://doi.org/10.1111/j.1365-2966.2010.17291.x}}

@article{Lara-Lopez:2010,
	adsnote = {Provided by the SAO/NASA Astrophysics Data System},
	adsurl = {https://ui.adsabs.harvard.edu/abs/2010A&A...521L..53L},
	archiveprefix = {arXiv},
	author = {{Lara-L{\'o}pez}, M.~A. and {Cepa}, J. and {Bongiovanni}, A. and {P{\'e}rez Garc{\'\i}a}, A.~M. and {Ederoclite}, A. and {Casta{\~n}eda}, H. and {Fern{\'a}ndez Lorenzo}, M. and {Povi{\'c}}, M. and {S{\'a}nchez-Portal}, M.},
	date-added = {2020-03-26 17:21:18 -0500},
	date-modified = {2020-03-31 13:32:45 -0500},
	doi = {10.1051/0004-6361/201014803},
	eid = {L53},
	eprint = {1005.0509},
	journal = {\aap},
	keywords = {galaxies: fundamental parameters, galaxies: abundances, galaxies: starburst, galaxies: star formation, Astrophysics - Cosmology and Nongalactic Astrophysics},
	month = oct,
	pages = {L53},
	primaryclass = {astro-ph.CO},
	title = {{A fundamental plane for field star-forming galaxies}},
	volume = {521},
	year = 2010,
	Bdsk-Url-1 = {https://doi.org/10.1051/0004-6361/201014803}}

@article{Kewley:2010,
	adsnote = {Provided by the SAO/NASA Astrophysics Data System},
	adsurl = {https://ui.adsabs.harvard.edu/abs/2010ApJ...721L..48K},
	archiveprefix = {arXiv},
	author = {{Kewley}, Lisa J. and {Rupke}, David and {Zahid}, H. Jabran and {Geller}, Margaret J. and {Barton}, Elizabeth J.},
	date-added = {2020-03-26 17:21:18 -0500},
	date-modified = {2020-03-31 13:32:45 -0500},
	doi = {10.1088/2041-8205/721/1/L48},
	eprint = {1008.2204},
	journal = {\apjl},
	keywords = {galaxies: abundances, galaxies: fundamental parameters, galaxies: interactions, galaxies: starburst, Astrophysics - Cosmology and Nongalactic Astrophysics},
	month = sep,
	number = {1},
	pages = {L48-L52},
	primaryclass = {astro-ph.CO},
	title = {{Metallicity Gradients and Gas Flows in Galaxy Pairs}},
	volume = {721},
	year = 2010,
	Bdsk-Url-1 = {https://doi.org/10.1088/2041-8205/721/1/L48}}

@article{Ellison:2010,
	adsnote = {Provided by the SAO/NASA Astrophysics Data System},
	adsurl = {https://ui.adsabs.harvard.edu/abs/2010MNRAS.407.1514E},
	archiveprefix = {arXiv},
	author = {{Ellison}, Sara L. and {Patton}, David R. and {Simard}, Luc and {McConnachie}, Alan W. and {Baldry}, Ivan K. and {Mendel}, J. Trevor},
	date-added = {2020-03-26 17:21:18 -0500},
	date-modified = {2020-03-31 13:32:45 -0500},
	doi = {10.1111/j.1365-2966.2010.17076.x},
	eprint = {1002.4418},
	journal = {\mnras},
	keywords = {galaxies: bulges, galaxies: evolution, galaxies: interactions, Astrophysics - Cosmology and Nongalactic Astrophysics},
	month = sep,
	number = {3},
	pages = {1514-1528},
	primaryclass = {astro-ph.CO},
	title = {{Galaxy pairs in the Sloan Digital Sky Survey - II. The effect of environment on interactions}},
	volume = {407},
	year = 2010,
	Bdsk-Url-1 = {https://doi.org/10.1111/j.1365-2966.2010.17076.x}}

@article{Levesque:2010,
	adsnote = {Provided by the SAO/NASA Astrophysics Data System},
	adsurl = {https://ui.adsabs.harvard.edu/abs/2010AJ....139..712L},
	archiveprefix = {arXiv},
	author = {{Levesque}, Emily M. and {Kewley}, Lisa J. and {Larson}, Kirsten L.},
	date-added = {2020-03-26 17:21:18 -0500},
	date-modified = {2020-03-31 13:32:45 -0500},
	doi = {10.1088/0004-6256/139/2/712},
	eprint = {0908.0460},
	journal = {\aj},
	keywords = {galaxies: ISM, galaxies: starburst, Astrophysics - Astrophysics of Galaxies},
	month = feb,
	number = {2},
	pages = {712-727},
	primaryclass = {astro-ph.GA},
	title = {{Theoretical Modeling of Star-Forming Galaxies. I. Emission-Line Diagnostic Grids for Local and Low-Metallicity Galaxies}},
	volume = {139},
	year = 2010,
	Bdsk-Url-1 = {https://doi.org/10.1088/0004-6256/139/2/712}}

@article{Calura:2009,
	adsnote = {Provided by the SAO/NASA Astrophysics Data System},
	adsurl = {https://ui.adsabs.harvard.edu/abs/2009A&A...504..373C},
	archiveprefix = {arXiv},
	author = {{Calura}, F. and {Pipino}, A. and {Chiappini}, C. and {Matteucci}, F. and {Maiolino}, R.},
	date-added = {2020-03-26 17:21:18 -0500},
	date-modified = {2020-03-31 13:32:45 -0500},
	doi = {10.1051/0004-6361/200911756},
	eprint = {0904.2180},
	journal = {\aap},
	keywords = {galaxies: abundances, ISM: abundances, galaxies: high-redshift, Astrophysics - Cosmology and Nongalactic Astrophysics},
	month = sep,
	number = {2},
	pages = {373-388},
	primaryclass = {astro-ph.CO},
	title = {{The evolution of the mass-metallicity relation in galaxies of different morphological types}},
	volume = {504},
	year = 2009,
	Bdsk-Url-1 = {https://doi.org/10.1051/0004-6361/200911756}}

@article{Vale-Asari:2009,
	adsnote = {Provided by the SAO/NASA Astrophysics Data System},
	adsurl = {https://ui.adsabs.harvard.edu/abs/2009MNRAS.396L..71V},
	archiveprefix = {arXiv},
	author = {{Vale Asari}, N. and {Stasi{\'n}ska}, G. and {Cid Fernandes}, R. and {Gomes}, J.~M. and {Schlickmann}, M. and {Mateus}, A. and {Schoenell}, W.},
	date-added = {2020-03-26 17:21:18 -0500},
	date-modified = {2020-03-31 13:32:45 -0500},
	doi = {10.1111/j.1745-3933.2009.00664.x},
	eprint = {0903.4167},
	journal = {\mnras},
	keywords = {galaxies: evolution, galaxies: statistics, galaxies: stellar content, Astrophysics - Astrophysics of Galaxies},
	month = jun,
	number = {1},
	pages = {L71-L75},
	primaryclass = {astro-ph.GA},
	title = {{The evolution of the mass-metallicity relation in SDSS galaxies uncovered by astropaleontology}},
	volume = {396},
	year = 2009,
	Bdsk-Url-1 = {https://doi.org/10.1111/j.1745-3933.2009.00664.x}}

@article{Peeples:2009,
	adsnote = {Provided by the SAO/NASA Astrophysics Data System},
	adsurl = {https://ui.adsabs.harvard.edu/abs/2009ApJ...695..259P},
	archiveprefix = {arXiv},
	author = {{Peeples}, Molly S. and {Pogge}, Richard W. and {Stanek}, K.~Z.},
	date-added = {2020-03-26 17:21:18 -0500},
	date-modified = {2020-03-31 13:32:45 -0500},
	doi = {10.1088/0004-637X/695/1/259},
	eprint = {0809.0896},
	journal = {\apj},
	keywords = {galaxies: abundances, galaxies: evolution, Astrophysics},
	month = apr,
	number = {1},
	pages = {259-267},
	primaryclass = {astro-ph},
	title = {{Outliers from the Mass-Metallicity Relation. II. A Sample of Massive Metal-Poor Galaxies from SDSS}},
	volume = {695},
	year = 2009,
	Bdsk-Url-1 = {https://doi.org/10.1088/0004-637X/695/1/259}}

@article{Stasinska:2008,
	adsnote = {Provided by the SAO/NASA Astrophysics Data System},
	adsurl = {https://ui.adsabs.harvard.edu/abs/2008MNRAS.391L..29S},
	archiveprefix = {arXiv},
	author = {{Stasi{\'n}ska}, G. and {Vale Asari}, N. and {Cid Fernandes}, R. and {Gomes}, J.~M. and {Schlickmann}, M. and {Mateus}, A. and {Schoenell}, W. and {Sodr{\'e}}, L., Jr. and {Seagal Collaboration}},
	date-added = {2020-03-26 17:21:18 -0500},
	date-modified = {2020-03-31 13:32:45 -0500},
	doi = {10.1111/j.1745-3933.2008.00550.x},
	eprint = {0809.1341},
	journal = {\mnras},
	keywords = {stars: AGB and post-AGB, galaxies: active, galaxies: general, Astrophysics},
	month = nov,
	number = {1},
	pages = {L29-L33},
	primaryclass = {astro-ph},
	title = {{Can retired galaxies mimic active galaxies? Clues from the Sloan Digital Sky Survey}},
	volume = {391},
	year = 2008,
	Bdsk-Url-1 = {https://doi.org/10.1111/j.1745-3933.2008.00550.x}}

@article{Maiolino:2008,
	adsnote = {Provided by the SAO/NASA Astrophysics Data System},
	adsurl = {https://ui.adsabs.harvard.edu/abs/2008A&A...488..463M},
	archiveprefix = {arXiv},
	author = {{Maiolino}, R. and {Nagao}, T. and {Grazian}, A. and {Cocchia}, F. and {Marconi}, A. and {Mannucci}, F. and {Cimatti}, A. and {Pipino}, A. and {Ballero}, S. and {Calura}, F. and {Chiappini}, C. and {Fontana}, A. and {Granato}, G.~L. and {Matteucci}, F. and {Pastorini}, G. and {Pentericci}, L. and {Risaliti}, G. and {Salvati}, M. and {Silva}, L.},
	date-added = {2020-03-26 17:21:18 -0500},
	date-modified = {2020-03-31 13:32:45 -0500},
	doi = {10.1051/0004-6361:200809678},
	eprint = {0806.2410},
	journal = {\aap},
	keywords = {ISM: abundances, galaxies: abundances, galaxies: evolution, galaxies: high-redshift, galaxies: starburst, Astrophysics},
	month = sep,
	number = {2},
	pages = {463-479},
	primaryclass = {astro-ph},
	title = {{AMAZE. I. The evolution of the mass-metallicity relation at z \&gt; 3}},
	volume = {488},
	year = 2008,
	Bdsk-Url-1 = {https://doi.org/10.1051/0004-6361:200809678}}

@article{Kewley:2008,
	adsnote = {Provided by the SAO/NASA Astrophysics Data System},
	adsurl = {https://ui.adsabs.harvard.edu/abs/2008ApJ...681.1183K},
	archiveprefix = {arXiv},
	author = {{Kewley}, Lisa J. and {Ellison}, Sara L.},
	date-added = {2020-03-26 17:21:18 -0500},
	date-modified = {2020-03-31 13:32:45 -0500},
	doi = {10.1086/587500},
	eprint = {0801.1849},
	journal = {\apj},
	keywords = {galaxies: abundances, galaxies: fundamental parameters, galaxies: spiral, galaxies: starburst, techniques: spectroscopic, Astrophysics},
	month = jul,
	number = {2},
	pages = {1183-1204},
	primaryclass = {astro-ph},
	title = {{Metallicity Calibrations and the Mass-Metallicity Relation for Star-forming Galaxies}},
	volume = {681},
	year = 2008,
	Bdsk-Url-1 = {https://doi.org/10.1086/587500}}

@article{Ellison:2008,
	adsnote = {Provided by the SAO/NASA Astrophysics Data System},
	adsurl = {https://ui.adsabs.harvard.edu/abs/2008AJ....135.1877E},
	archiveprefix = {arXiv},
	author = {{Ellison}, Sara L. and {Patton}, David R. and {Simard}, Luc and {McConnachie}, Alan W.},
	date-added = {2020-03-26 17:21:18 -0500},
	date-modified = {2020-03-31 13:32:45 -0500},
	doi = {10.1088/0004-6256/135/5/1877},
	eprint = {0803.0161},
	journal = {\aj},
	keywords = {galaxies: abundances, galaxies: ISM, Astrophysics},
	month = may,
	number = {5},
	pages = {1877-1899},
	primaryclass = {astro-ph},
	title = {{Galaxy Pairs in the Sloan Digital Sky Survey. I. Star Formation, Active Galactic Nucleus Fraction, and the Mass-Metallicity Relation}},
	volume = {135},
	year = 2008,
	Bdsk-File-1 = {YnBsaXN0MDDSAQIDBFxyZWxhdGl2ZVBhdGhZYWxpYXNEYXRhXxAnLi4vLi4vLi4vRG93bmxvYWRzL2V4cG9ydC1iaWJ0ZXgoMSkuYmliTxEBZgAAAAABZgACAAAMTWFjaW50b3NoIEhEAAAAAAAAAAAAAAAAAAAAAAAAAEJEAAH/////FGV4cG9ydC1iaWJ0ZXgoMSkuYmliAAAAAAAAAAAAAAAAAAAAAAAAAAAAAAAAAAAAAAAAAAAAAAAAAAAAAAAAAP////8AAAAAAAAAAAAAAAAAAwACAAAKIGN1AAAAAAAAAAAAAAAAAAlEb3dubG9hZHMAAAIAMC86VXNlcnM6amxzdGVmZmVuOkRvd25sb2FkczpleHBvcnQtYmlidGV4KDEpLmJpYgAOACoAFABlAHgAcABvAHIAdAAtAGIAaQBiAHQAZQB4ACgAMQApAC4AYgBpAGIADwAaAAwATQBhAGMAaQBuAHQAbwBzAGgAIABIAEQAEgAuVXNlcnMvamxzdGVmZmVuL0Rvd25sb2Fkcy9leHBvcnQtYmlidGV4KDEpLmJpYgATAAEvAAAVAAIAEP//AAAACAANABoAJABOAAAAAAAAAgEAAAAAAAAABQAAAAAAAAAAAAAAAAAAAbg=},
	Bdsk-Url-1 = {https://doi.org/10.1088/0004-6256/135/5/1877}}

@article{Michel-Dansac:2008,
	adsnote = {Provided by the SAO/NASA Astrophysics Data System},
	adsurl = {https://ui.adsabs.harvard.edu/abs/2008MNRAS.386L..82M},
	archiveprefix = {arXiv},
	author = {{Michel-Dansac}, Leo and {Lambas}, Diego G. and {Alonso}, M. Sol and {Tissera}, Patricia},
	date-added = {2020-03-26 17:21:18 -0500},
	date-modified = {2020-03-31 13:32:45 -0500},
	doi = {10.1111/j.1745-3933.2008.00466.x},
	eprint = {0802.3904},
	journal = {\mnras},
	keywords = {galaxies: abundances, galaxies: evolution, galaxies: formation, galaxies: interactions, Astrophysics},
	month = may,
	number = {1},
	pages = {L82-L86},
	primaryclass = {astro-ph},
	title = {{The mass-metallicity relation of interacting galaxies}},
	volume = {386},
	year = 2008,
	Bdsk-Url-1 = {https://doi.org/10.1111/j.1745-3933.2008.00466.x}}

@article{Finlator:2008,
	adsnote = {Provided by the SAO/NASA Astrophysics Data System},
	adsurl = {https://ui.adsabs.harvard.edu/abs/2008MNRAS.385.2181F},
	archiveprefix = {arXiv},
	author = {{Finlator}, Kristian and {Dav{\'e}}, Romeel},
	date-added = {2020-03-26 17:21:18 -0500},
	date-modified = {2020-03-31 13:32:45 -0500},
	doi = {10.1111/j.1365-2966.2008.12991.x},
	eprint = {0704.3100},
	journal = {\mnras},
	keywords = {galaxies: abundances, galaxies: evolution, cosmology: theory, Astrophysics},
	month = apr,
	number = {4},
	pages = {2181-2204},
	primaryclass = {astro-ph},
	title = {{The origin of the galaxy mass-metallicity relation and implications for galactic outflows}},
	volume = {385},
	year = 2008,
	Bdsk-Url-1 = {https://doi.org/10.1111/j.1365-2966.2008.12991.x}}

@article{Schawinski:2007,
	adsnote = {Provided by the SAO/NASA Astrophysics Data System},
	adsurl = {https://ui.adsabs.harvard.edu/abs/2007MNRAS.382.1415S},
	archiveprefix = {arXiv},
	author = {{Schawinski}, Kevin and {Thomas}, Daniel and {Sarzi}, Marc and {Maraston}, Claudia and {Kaviraj}, Sugata and {Joo}, Seok-Joo and {Yi}, Sukyoung K. and {Silk}, Joseph},
	date-added = {2020-03-26 17:21:18 -0500},
	date-modified = {2020-03-31 13:32:45 -0500},
	doi = {10.1111/j.1365-2966.2007.12487.x},
	eprint = {0709.3015},
	journal = {\mnras},
	keywords = {galaxies: active, galaxies: elliptical and lenticular, cD, galaxies: evolution, galaxies: formation, Astrophysics},
	month = dec,
	number = {4},
	pages = {1415-1431},
	primaryclass = {astro-ph},
	title = {{Observational evidence for AGN feedback in early-type galaxies}},
	volume = {382},
	year = 2007,
	Bdsk-File-1 = {YnBsaXN0MDDSAQIDBFxyZWxhdGl2ZVBhdGhZYWxpYXNEYXRhXxAoLi4vLi4vLi4vRG93bmxvYWRzL2V4cG9ydC1iaWJ0ZXgoMTUpLmJpYk8RAWQAAAAAAWQAAgAADE1hY2ludG9zaCBIRAAAAAAAAAAAAAAAAAAAAAAAAABCRAAB/////xVleHBvcnQtYmlidGV4KDE1KS5iaWIAAAAAAAAAAAAAAAAAAAAAAAAAAAAAAAAAAAAAAAAAAAAAAAAAAAAAAAD/////AAAAAAAAAAAAAAAAAAMAAgAACiBjdQAAAAAAAAAAAAAAAAAJRG93bmxvYWRzAAACAC4vOlVzZXJzOmpvc2h1YTpEb3dubG9hZHM6ZXhwb3J0LWJpYnRleCgxNSkuYmliAA4ALAAVAGUAeABwAG8AcgB0AC0AYgBpAGIAdABlAHgAKAAxADUAKQAuAGIAaQBiAA8AGgAMAE0AYQBjAGkAbgB0AG8AcwBoACAASABEABIALFVzZXJzL2pvc2h1YS9Eb3dubG9hZHMvZXhwb3J0LWJpYnRleCgxNSkuYmliABMAAS8AABUAAgAN//8AAAAIAA0AGgAkAE8AAAAAAAACAQAAAAAAAAAFAAAAAAAAAAAAAAAAAAABtw==},
	Bdsk-Url-1 = {https://doi.org/10.1111/j.1365-2966.2007.12487.x}}

@article{Kartaltepe:2007,
	adsnote = {Provided by the SAO/NASA Astrophysics Data System},
	adsurl = {https://ui.adsabs.harvard.edu/abs/2007ApJS..172..320K},
	archiveprefix = {arXiv},
	author = {{Kartaltepe}, J.~S. and {Sanders}, D.~B. and {Scoville}, N.~Z. and {Calzetti}, D. and {Capak}, P. and {Koekemoer}, A. and {Mobasher}, B. and {Murayama}, T. and {Salvato}, M. and {Sasaki}, S.~S. and {Taniguchi}, Y.},
	date-added = {2020-03-26 17:21:18 -0500},
	date-modified = {2020-03-31 13:32:45 -0500},
	doi = {10.1086/519953},
	eprint = {0705.2266},
	journal = {\apjs},
	keywords = {Cosmology: Observations, Galaxies: Evolution, Galaxies: Formation, Galaxies: Interactions, Cosmology: Large-Scale Structure of Universe, Surveys, Astrophysics},
	month = sep,
	number = {1},
	pages = {320-328},
	primaryclass = {astro-ph},
	title = {{Evolution of the Frequency of Luminous (\&gt;=L$^{*}$$_{V}$) Close Galaxy Pairs at z \&lt; 1.2 in the COSMOS Field}},
	volume = {172},
	year = 2007,
	Bdsk-Url-1 = {https://doi.org/10.1086/519953}}

@article{Lin:2007,
	adsnote = {Provided by the SAO/NASA Astrophysics Data System},
	adsurl = {https://ui.adsabs.harvard.edu/abs/2007ApJ...660L..51L},
	archiveprefix = {arXiv},
	author = {{Lin}, Lihwai and {Koo}, David C. and {Weiner}, Benjamin J. and {Chiueh}, Tzihong and {Coil}, Alison L. and {Lotz}, Jennifer and {Conselice}, Christopher J. and {Willner}, S.~P. and {Smith}, H.~A. and {Guhathakurta}, Puragra and {Huang}, J. -S. and {Le Floc'h}, Emeric and {Noeske}, Kai G. and {Willmer}, Christopher N.~A. and {Cooper}, Michael C. and {Phillips}, Andrew C.},
	date-added = {2020-03-26 17:21:18 -0500},
	date-modified = {2020-03-31 13:32:45 -0500},
	doi = {10.1086/517919},
	eprint = {astro-ph/0607272},
	journal = {\apjl},
	keywords = {Galaxies: Evolution, Galaxies: Interactions, Infrared: Galaxies, Cosmology: Large-Scale Structure of Universe, Astrophysics},
	month = may,
	number = {1},
	pages = {L51-L54},
	primaryclass = {astro-ph},
	title = {{AEGIS: Enhancement of Dust-enshrouded Star Formation in Close Galaxy Pairs and Merging Galaxies up to z \raisebox{-0.5ex}\textasciitilde 1}},
	volume = {660},
	year = 2007,
	Bdsk-Url-1 = {https://doi.org/10.1086/517919}}

@article{Alonso:2007,
	adsnote = {Provided by the SAO/NASA Astrophysics Data System},
	adsurl = {https://ui.adsabs.harvard.edu/abs/2007MNRAS.375.1017A},
	archiveprefix = {arXiv},
	author = {{Alonso}, M. Sol and {Lambas}, Diego G. and {Tissera}, Patricia and {Coldwell}, Georgina},
	date-added = {2020-03-26 17:21:18 -0500},
	date-modified = {2020-03-31 13:32:45 -0500},
	doi = {10.1111/j.1365-2966.2007.11367.x},
	eprint = {astro-ph/0701192},
	journal = {\mnras},
	keywords = {galaxies: evolution, galaxies: formation, cosmology: theory, Astrophysics},
	month = mar,
	number = {3},
	pages = {1017-1024},
	primaryclass = {astro-ph},
	title = {{Active galactic nuclei and galaxy interactions}},
	volume = {375},
	year = 2007,
	Bdsk-Url-1 = {https://doi.org/10.1111/j.1365-2966.2007.11367.x}}

@article{Koppen:2007,
	adsnote = {Provided by the SAO/NASA Astrophysics Data System},
	adsurl = {https://ui.adsabs.harvard.edu/abs/2007MNRAS.375..673K},
	archiveprefix = {arXiv},
	author = {{K{\"o}ppen}, J. and {Weidner}, C. and {Kroupa}, P.},
	date-added = {2020-03-26 17:21:18 -0500},
	date-modified = {2020-03-31 13:32:45 -0500},
	doi = {10.1111/j.1365-2966.2006.11328.x},
	eprint = {astro-ph/0611723},
	journal = {\mnras},
	keywords = {stars: luminosity function, mass function, ISM: abundances, ISM: evolution, galaxies: abundances, galaxies: evolution, galaxies: ISM, Astrophysics},
	month = feb,
	number = {2},
	pages = {673-684},
	primaryclass = {astro-ph},
	title = {{A possible origin of the mass-metallicity relation of galaxies}},
	volume = {375},
	year = 2007,
	Bdsk-Url-1 = {https://doi.org/10.1111/j.1365-2966.2006.11328.x}}

@article{Brooks:2007,
	adsnote = {Provided by the SAO/NASA Astrophysics Data System},
	adsurl = {https://ui.adsabs.harvard.edu/abs/2007ApJ...655L..17B},
	archiveprefix = {arXiv},
	author = {{Brooks}, A.~M. and {Governato}, F. and {Booth}, C.~M. and {Willman}, B. and {Gardner}, J.~P. and {Wadsley}, J. and {Stinson}, G. and {Quinn}, T.},
	date-added = {2020-03-26 17:21:18 -0500},
	date-modified = {2020-03-31 13:32:45 -0500},
	doi = {10.1086/511765},
	eprint = {astro-ph/0609620},
	journal = {\apjl},
	keywords = {Galaxies: Evolution, Galaxies: Formation, Methods: n-Body Simulations, Astrophysics},
	month = jan,
	number = {1},
	pages = {L17-L20},
	primaryclass = {astro-ph},
	title = {{The Origin and Evolution of the Mass-Metallicity Relationship for Galaxies: Results from Cosmological N-Body Simulations}},
	volume = {655},
	year = 2007,
	Bdsk-Url-1 = {https://doi.org/10.1086/511765}}

@article{Nagao:2006,
	adsnote = {Provided by the SAO/NASA Astrophysics Data System},
	adsurl = {https://ui.adsabs.harvard.edu/abs/2006A&A...459...85N},
	archiveprefix = {arXiv},
	author = {{Nagao}, T. and {Maiolino}, R. and {Marconi}, A.},
	date-added = {2020-03-26 17:21:18 -0500},
	date-modified = {2020-03-31 13:32:45 -0500},
	doi = {10.1051/0004-6361:20065216},
	eprint = {astro-ph/0603580},
	journal = {\aap},
	keywords = {galaxies: abundances, galaxies: evolution, galaxies: general, galaxies: ISM, Hii regions, Astrophysics},
	month = nov,
	number = {1},
	pages = {85-101},
	primaryclass = {astro-ph},
	title = {{Gas metallicity diagnostics in star-forming galaxies}},
	volume = {459},
	year = 2006,
	Bdsk-Url-1 = {https://doi.org/10.1051/0004-6361:20065216}}

@article{Woods:2006,
	adsnote = {Provided by the SAO/NASA Astrophysics Data System},
	adsurl = {https://ui.adsabs.harvard.edu/abs/2006AJ....132..197W},
	archiveprefix = {arXiv},
	author = {{Woods}, Deborah Freedman and {Geller}, Margaret J. and {Barton}, Elizabeth J.},
	date-added = {2020-03-26 17:21:18 -0500},
	date-modified = {2020-03-31 13:32:45 -0500},
	doi = {10.1086/504834},
	eprint = {astro-ph/0603175},
	journal = {\aj},
	keywords = {Galaxies: Evolution, Galaxies: Interactions, Galaxies: Stellar Content, Astrophysics},
	month = jul,
	number = {1},
	pages = {197-209},
	primaryclass = {astro-ph},
	title = {{Tidally Triggered Star Formation in Close Pairs of Galaxies: Major and Minor Interactions}},
	volume = {132},
	year = 2006,
	Bdsk-Url-1 = {https://doi.org/10.1086/504834}}

@article{Erb:2006,
	adsnote = {Provided by the SAO/NASA Astrophysics Data System},
	adsurl = {https://ui.adsabs.harvard.edu/abs/2006ApJ...646..107E},
	archiveprefix = {arXiv},
	author = {{Erb}, Dawn K. and {Steidel}, Charles C. and {Shapley}, Alice E. and {Pettini}, Max and {Reddy}, Naveen A. and {Adelberger}, Kurt L.},
	date-added = {2020-03-26 17:21:18 -0500},
	date-modified = {2020-03-31 13:32:45 -0500},
	doi = {10.1086/504891},
	eprint = {astro-ph/0604041},
	journal = {\apj},
	keywords = {Galaxies: Evolution, Galaxies: High-Redshift, Galaxies: Kinematics and Dynamics, Astrophysics},
	month = jul,
	number = {1},
	pages = {107-132},
	primaryclass = {astro-ph},
	title = {{The Stellar, Gas, and Dynamical Masses of Star-forming Galaxies at z \raisebox{-0.5ex}\textasciitilde 2}},
	volume = {646},
	year = 2006,
	Bdsk-Url-1 = {https://doi.org/10.1086/504891}}

@article{Kewley:2006,
	adsnote = {Provided by the SAO/NASA Astrophysics Data System},
	adsurl = {https://ui.adsabs.harvard.edu/abs/2006AJ....131.2004K},
	archiveprefix = {arXiv},
	author = {{Kewley}, Lisa J. and {Geller}, Margaret J. and {Barton}, Elizabeth J.},
	date-added = {2020-03-26 17:21:18 -0500},
	date-modified = {2020-03-31 13:32:45 -0500},
	doi = {10.1086/500295},
	eprint = {astro-ph/0511119},
	journal = {\aj},
	keywords = {Galaxies: Abundances, Galaxies: Fundamental Parameters, Galaxies: High-Redshift, Galaxies: Starburst, Astrophysics},
	month = apr,
	number = {4},
	pages = {2004-2017},
	primaryclass = {astro-ph},
	title = {{Metallicity and Nuclear Star Formation in Nearby Galaxy Pairs: Evidence for Tidally Induced Gas Flows}},
	volume = {131},
	year = 2006,
	Bdsk-Url-1 = {https://doi.org/10.1086/500295}}

@article{Gunn:2006,
	adsnote = {Provided by the SAO/NASA Astrophysics Data System},
	adsurl = {https://ui.adsabs.harvard.edu/abs/2006AJ....131.2332G},
	archiveprefix = {arXiv},
	author = {{Gunn}, James E. and {Siegmund}, Walter A. and {Mannery}, Edward J. and {Owen}, Russell E. and {Hull}, Charles L. and {Leger}, R. French and {Carey}, Larry N. and {Knapp}, Gillian R. and {York}, Donald G. and {Boroski}, William N. and {Kent}, Stephen M. and {Lupton}, Robert H. and {Rockosi}, Constance M. and {Evans}, Michael L. and {Waddell}, Patrick and {Anderson}, John E. and {Annis}, James and {Barentine}, John C. and {Bartoszek}, Larry M. and {Bastian}, Steven and {Bracker}, Stephen B. and {Brewington}, Howard J. and {Briegel}, Charles I. and {Brinkmann}, Jon and {Brown}, Yorke J. and {Carr}, Michael A. and {Czarapata}, Paul C. and {Drennan}, Craig C. and {Dombeck}, Thomas and {Federwitz}, Glenn R. and {Gillespie}, Bruce A. and {Gonzales}, Carlos and {Hansen}, Sten U. and {Harvanek}, Michael and {Hayes}, Jeffrey and {Jordan}, Wendell and {Kinney}, Ellyne and {Klaene}, Mark and {Kleinman}, S.~J. and {Kron}, Richard G. and {Kresinski}, Jurek and {Lee}, Glenn and {Limmongkol}, Siriluk and {Lindenmeyer}, Carl W. and {Long}, Daniel C. and {Loomis}, Craig L. and {McGehee}, Peregrine M. and {Mantsch}, Paul M. and {Neilsen}, Eric H., Jr. and {Neswold}, Richard M. and {Newman}, Peter R. and {Nitta}, Atsuko and {Peoples}, John, Jr. and {Pier}, Jeffrey R. and {Prieto}, Peter S. and {Prosapio}, Angela and {Rivetta}, Claudio and {Schneider}, Donald P. and {Snedden}, Stephanie and {Wang}, Shu-i.},
	date-added = {2020-03-26 17:21:18 -0500},
	date-modified = {2020-03-31 13:32:45 -0500},
	doi = {10.1086/500975},
	eprint = {astro-ph/0602326},
	journal = {\aj},
	keywords = {Surveys, Telescopes, Astrophysics},
	month = apr,
	number = {4},
	pages = {2332-2359},
	primaryclass = {astro-ph},
	title = {{The 2.5 m Telescope of the Sloan Digital Sky Survey}},
	volume = {131},
	year = 2006,
	Bdsk-Url-1 = {https://doi.org/10.1086/500975}}

@article{Izotov:2006,
	adsnote = {Provided by the SAO/NASA Astrophysics Data System},
	adsurl = {https://ui.adsabs.harvard.edu/abs/2006A&A...448..955I},
	archiveprefix = {arXiv},
	author = {{Izotov}, Y.~I. and {Stasi{\'n}ska}, G. and {Meynet}, G. and {Guseva}, N.~G. and {Thuan}, T.~X.},
	date-added = {2020-03-26 17:21:18 -0500},
	date-modified = {2020-03-31 13:32:45 -0500},
	doi = {10.1051/0004-6361:20053763},
	eprint = {astro-ph/0511644},
	journal = {\aap},
	keywords = {galaxies: ISM, galaxies: starburst, galaxies: abundances, Astrophysics},
	month = mar,
	number = {3},
	pages = {955-970},
	primaryclass = {astro-ph},
	title = {{The chemical composition of metal-poor emission-line galaxies in the Data Release 3 of the Sloan Digital Sky Survey}},
	volume = {448},
	year = 2006,
	Bdsk-Url-1 = {https://doi.org/10.1051/0004-6361:20053763}}

@article{Savaglio:2005,
	adsnote = {Provided by the SAO/NASA Astrophysics Data System},
	adsurl = {https://ui.adsabs.harvard.edu/abs/2005ApJ...635..260S},
	archiveprefix = {arXiv},
	author = {{Savaglio}, S. and {Glazebrook}, K. and {Le Borgne}, D. and {Juneau}, S. and {Abraham}, R.~G. and {Chen}, H. -W. and {Crampton}, D. and {McCarthy}, P.~J. and {Carlberg}, R.~G. and {Marzke}, R.~O. and {Roth}, K. and {J{\o}rgensen}, I. and {Murowinski}, R.},
	date-added = {2020-03-26 17:21:18 -0500},
	date-modified = {2020-03-31 13:32:45 -0500},
	doi = {10.1086/497331},
	eprint = {astro-ph/0508407},
	journal = {\apj},
	keywords = {Cosmology: Observations, Galaxies: Abundances, Galaxies: Evolution, Galaxies: Fundamental Parameters, Galaxies: ISM, ISM: H II Regions, Astrophysics},
	month = dec,
	number = {1},
	pages = {260-279},
	primaryclass = {astro-ph},
	title = {{The Gemini Deep Deep Survey. VII. The Redshift Evolution of the Mass-Metallicity Relation}},
	volume = {635},
	year = 2005,
	Bdsk-Url-1 = {https://doi.org/10.1086/497331}}

@article{Vazquez:2005,
	adsnote = {Provided by the SAO/NASA Astrophysics Data System},
	adsurl = {https://ui.adsabs.harvard.edu/abs/2005ApJ...621..695V},
	archiveprefix = {arXiv},
	author = {{V{\'a}zquez}, Gerardo A. and {Leitherer}, Claus},
	date-added = {2020-03-26 17:21:18 -0500},
	date-modified = {2020-03-31 13:32:45 -0500},
	doi = {10.1086/427866},
	eprint = {astro-ph/0412491},
	journal = {\apj},
	keywords = {Galaxies: Dwarf, Galaxies: Evolution, Galaxies: Individual: NGC Number: NGC 5128, Galaxies: Individual: NGC Number: NGC 4038/4039, Galaxies: Star Clusters, Galaxies: Stellar Content, Stars: Evolution, Astrophysics},
	month = mar,
	number = {2},
	pages = {695-717},
	primaryclass = {astro-ph},
	title = {{Optimization of Starburst99 for Intermediate-Age and Old Stellar Populations}},
	volume = {621},
	year = 2005,
	Bdsk-Url-1 = {https://doi.org/10.1086/427866}}

@article{Kobulnicky:2004,
	adsnote = {Provided by the SAO/NASA Astrophysics Data System},
	adsurl = {https://ui.adsabs.harvard.edu/abs/2004ApJ...617..240K},
	archiveprefix = {arXiv},
	author = {{Kobulnicky}, Henry A. and {Kewley}, Lisa J.},
	date-added = {2020-03-26 17:21:18 -0500},
	date-modified = {2020-03-31 13:32:45 -0500},
	doi = {10.1086/425299},
	eprint = {astro-ph/0408128},
	journal = {\apj},
	keywords = {Galaxies: Abundances, Galaxies: Evolution, Galaxies: Fundamental Parameters, Galaxies: Starburst, ISM: H II Regions, ISM: Abundances, Astrophysics},
	month = dec,
	number = {1},
	pages = {240-261},
	primaryclass = {astro-ph},
	title = {{Metallicities of 0.3\&lt;z\&lt;1.0 Galaxies in the GOODS-North Field}},
	volume = {617},
	year = 2004,
	Bdsk-Url-1 = {https://doi.org/10.1086/425299}}

@article{Tremonti:2004,
	adsnote = {Provided by the SAO/NASA Astrophysics Data System},
	adsurl = {https://ui.adsabs.harvard.edu/abs/2004ApJ...613..898T},
	archiveprefix = {arXiv},
	author = {{Tremonti}, Christy A. and {Heckman}, Timothy M. and {Kauffmann}, Guinevere and {Brinchmann}, Jarle and {Charlot}, St{\'e}phane and {White}, Simon D.~M. and {Seibert}, Mark and {Peng}, Eric W. and {Schlegel}, David J. and {Uomoto}, Alan and {Fukugita}, Masataka and {Brinkmann}, Jon},
	date-added = {2020-03-26 17:21:18 -0500},
	date-modified = {2020-03-31 13:32:45 -0500},
	doi = {10.1086/423264},
	eprint = {astro-ph/0405537},
	journal = {\apj},
	keywords = {Galaxies: Abundances, Galaxies: Evolution, Galaxies: Fundamental Parameters, Galaxies: Statistics, Astrophysics},
	month = oct,
	number = {2},
	pages = {898-913},
	primaryclass = {astro-ph},
	title = {{The Origin of the Mass-Metallicity Relation: Insights from 53,000 Star-forming Galaxies in the Sloan Digital Sky Survey}},
	volume = {613},
	year = 2004,
	Bdsk-Url-1 = {https://doi.org/10.1086/423264}}

@article{Pettini:2004,
	adsnote = {Provided by the SAO/NASA Astrophysics Data System},
	adsurl = {https://ui.adsabs.harvard.edu/abs/2004MNRAS.348L..59P},
	archiveprefix = {arXiv},
	author = {{Pettini}, Max and {Pagel}, Bernard E.~J.},
	date-added = {2020-03-26 17:21:18 -0500},
	date-modified = {2020-03-31 13:32:45 -0500},
	doi = {10.1111/j.1365-2966.2004.07591.x},
	eprint = {astro-ph/0401128},
	journal = {\mnras},
	keywords = {ISM: abundances, HII regions, galaxies: abundances, Astrophysics},
	month = mar,
	number = {3},
	pages = {L59-L63},
	primaryclass = {astro-ph},
	title = {{[OIII]/[NII] as an abundance indicator at high redshift}},
	volume = {348},
	year = 2004,
	Bdsk-Url-1 = {https://doi.org/10.1111/j.1365-2966.2004.07591.x}}

@article{Cappellari:2004,
	adsnote = {Provided by the SAO/NASA Astrophysics Data System},
	adsurl = {https://ui.adsabs.harvard.edu/abs/2004PASP..116..138C},
	archiveprefix = {arXiv},
	author = {{Cappellari}, Michele and {Emsellem}, Eric},
	date-added = {2020-03-26 17:21:18 -0500},
	date-modified = {2020-03-31 13:32:45 -0500},
	doi = {10.1086/381875},
	eprint = {astro-ph/0312201},
	journal = {\pasp},
	keywords = {Galaxies: Individual: NGC Number: NGC 3384, Galaxies: Kinematics and Dynamics, line: profiles, Methods: Numerical, Astrophysics},
	month = feb,
	number = {816},
	pages = {138-147},
	primaryclass = {astro-ph},
	title = {{Parametric Recovery of Line-of-Sight Velocity Distributions from Absorption-Line Spectra of Galaxies via Penalized Likelihood}},
	volume = {116},
	year = 2004,
	Bdsk-Url-1 = {https://doi.org/10.1086/381875}}

@article{Lambas:2003,
	adsnote = {Provided by the SAO/NASA Astrophysics Data System},
	adsurl = {https://ui.adsabs.harvard.edu/abs/2003MNRAS.346.1189L},
	archiveprefix = {arXiv},
	author = {{Lambas}, Diego G. and {Tissera}, Patricia B. and {Alonso}, M. Sol and {Coldwell}, Georgina},
	date-added = {2020-03-26 17:21:18 -0500},
	date-modified = {2020-03-31 13:32:45 -0500},
	doi = {10.1111/j.1365-2966.2003.07179.x},
	eprint = {astro-ph/0212222},
	journal = {\mnras},
	keywords = {galaxies: evolution, galaxies: formation, cosmology: theory, Astrophysics},
	month = dec,
	number = {4},
	pages = {1189-1196},
	primaryclass = {astro-ph},
	title = {{Galaxy pairs in the 2dF survey - I. Effects of interactions on star formation in the field}},
	volume = {346},
	year = 2003,
	Bdsk-Url-1 = {https://doi.org/10.1111/j.1365-2966.2003.07179.x}}

@article{Kauffmann:2003,
	adsnote = {Provided by the SAO/NASA Astrophysics Data System},
	adsurl = {https://ui.adsabs.harvard.edu/abs/2003MNRAS.346.1055K},
	archiveprefix = {arXiv},
	author = {{Kauffmann}, Guinevere and {Heckman}, Timothy M. and {Tremonti}, Christy and {Brinchmann}, Jarle and {Charlot}, St{\'e}phane and {White}, Simon D.~M. and {Ridgway}, Susan E. and {Brinkmann}, Jon and {Fukugita}, Masataka and {Hall}, Patrick B. and {Ivezi{\'c}}, {\v{Z}}eljko and {Richards}, Gordon T. and {Schneider}, Donald P.},
	date-added = {2020-03-26 17:21:18 -0500},
	date-modified = {2020-03-31 13:32:45 -0500},
	doi = {10.1111/j.1365-2966.2003.07154.x},
	eprint = {astro-ph/0304239},
	journal = {\mnras},
	keywords = {galaxies: active, galaxies: Seyfert, galaxies: starburst, galaxies: stellar content, galaxies: structure, Astrophysics},
	month = dec,
	number = {4},
	pages = {1055-1077},
	primaryclass = {astro-ph},
	title = {{The host galaxies of active galactic nuclei}},
	volume = {346},
	year = 2003,
	Bdsk-Url-1 = {https://doi.org/10.1111/j.1365-2966.2003.07154.x}}

@article{Kewley:2002,
	adsnote = {Provided by the SAO/NASA Astrophysics Data System},
	adsurl = {https://ui.adsabs.harvard.edu/abs/2002ApJS..142...35K},
	archiveprefix = {arXiv},
	author = {{Kewley}, L.~J. and {Dopita}, M.~A.},
	date-added = {2020-03-26 17:21:18 -0500},
	date-modified = {2020-03-31 13:32:45 -0500},
	doi = {10.1086/341326},
	eprint = {astro-ph/0206495},
	journal = {\apjs},
	keywords = {Galaxies: Abundances, Galaxies: Evolution, Galaxies: Starburst, ISM: Abundances, Astrophysics},
	month = sep,
	number = {1},
	pages = {35-52},
	primaryclass = {astro-ph},
	title = {{Using Strong Lines to Estimate Abundances in Extragalactic H II Regions and Starburst Galaxies}},
	volume = {142},
	year = 2002,
	Bdsk-Url-1 = {https://doi.org/10.1086/341326}}

@article{Kewley:2001,
	adsnote = {Provided by the SAO/NASA Astrophysics Data System},
	adsurl = {https://ui.adsabs.harvard.edu/abs/2001ApJ...556..121K},
	archiveprefix = {arXiv},
	author = {{Kewley}, L.~J. and {Dopita}, M.~A. and {Sutherland}, R.~S. and {Heisler}, C.~A. and {Trevena}, J.},
	date-added = {2020-03-26 17:21:18 -0500},
	date-modified = {2020-03-31 13:32:45 -0500},
	doi = {10.1086/321545},
	eprint = {astro-ph/0106324},
	journal = {\apj},
	keywords = {Galaxies: Starburst, Radiation Mechanisms: Thermal, Astrophysics},
	month = jul,
	number = {1},
	pages = {121-140},
	primaryclass = {astro-ph},
	title = {{Theoretical Modeling of Starburst Galaxies}},
	volume = {556},
	year = 2001,
	Bdsk-Url-1 = {https://doi.org/10.1086/321545}}

@article{Charlot:2001,
	adsnote = {Provided by the SAO/NASA Astrophysics Data System},
	adsurl = {https://ui.adsabs.harvard.edu/abs/2001MNRAS.323..887C},
	archiveprefix = {arXiv},
	author = {{Charlot}, St{\'e}phane and {Longhetti}, Marcella},
	date-added = {2020-03-26 17:21:18 -0500},
	date-modified = {2020-03-31 13:32:45 -0500},
	doi = {10.1046/j.1365-8711.2001.04260.x},
	eprint = {astro-ph/0101097},
	journal = {\mnras},
	keywords = {GALAXIES: GENERAL, GALAXIES: ISM, GALAXIES: STELLAR CONTENT, Astrophysics},
	month = may,
	number = {4},
	pages = {887-903},
	primaryclass = {astro-ph},
	title = {{Nebular emission from star-forming galaxies}},
	volume = {323},
	year = 2001,
	Bdsk-Url-1 = {https://doi.org/10.1046/j.1365-8711.2001.04260.x}}

@article{Barton:2000,
	adsnote = {Provided by the SAO/NASA Astrophysics Data System},
	adsurl = {https://ui.adsabs.harvard.edu/abs/2000ApJ...530..660B},
	archiveprefix = {arXiv},
	author = {{Barton}, Elizabeth J. and {Geller}, Margaret J. and {Kenyon}, Scott J.},
	date-added = {2020-03-26 17:21:18 -0500},
	date-modified = {2020-03-31 13:32:45 -0500},
	doi = {10.1086/308392},
	eprint = {astro-ph/9909217},
	journal = {\apj},
	keywords = {GALAXIES: CLUSTERS: GENERAL, GALAXIES: INTERACTIONS, GALAXIES: STELLAR CONTENT, STARS: LUMINOSITY FUNCTION, MASS FUNCTION, Astrophysics},
	month = feb,
	number = {2},
	pages = {660-679},
	primaryclass = {astro-ph},
	title = {{Tidally Triggered Star Formation in Close Pairs of Galaxies}},
	volume = {530},
	year = 2000,
	Bdsk-Url-1 = {https://doi.org/10.1086/308392}}

@article{Leitherer:1999,
	adsnote = {Provided by the SAO/NASA Astrophysics Data System},
	adsurl = {https://ui.adsabs.harvard.edu/abs/1999ApJS..123....3L},
	archiveprefix = {arXiv},
	author = {{Leitherer}, Claus and {Schaerer}, Daniel and {Goldader}, Jeffrey D. and {Delgado}, Rosa M. Gonz{\'a}lez and {Robert}, Carmelle and {Kune}, Denis Foo and {de Mello}, Du{\'\i}lia F. and {Devost}, Daniel and {Heckman}, Timothy M.},
	date-added = {2020-03-26 17:21:18 -0500},
	date-modified = {2020-03-31 13:32:45 -0500},
	doi = {10.1086/313233},
	eprint = {astro-ph/9902334},
	journal = {\apjs},
	keywords = {GALAXIES: EVOLUTION, GALAXIES: FUNDAMENTAL PARAMETERS, GALAXIES: STARBURST, GALAXIES: STELLAR CONTENT, METHODS: NUMERICAL, Galaxies: Evolution, Galaxies: Fundamental Parameters, Galaxies: Starburst, Galaxies: Stellar Content, Methods: Numerical, Astrophysics},
	month = jul,
	number = {1},
	pages = {3-40},
	primaryclass = {astro-ph},
	title = {{Starburst99: Synthesis Models for Galaxies with Active Star Formation}},
	volume = {123},
	year = 1999,
	Bdsk-Url-1 = {https://doi.org/10.1086/313233}}

@article{Kobulnicky:1999,
	adsnote = {Provided by the SAO/NASA Astrophysics Data System},
	adsurl = {https://ui.adsabs.harvard.edu/abs/1999ApJ...514..544K},
	archiveprefix = {arXiv},
	author = {{Kobulnicky}, Henry A. and {Kennicutt}, Robert C., Jr. and {Pizagno}, James L.},
	date-added = {2020-03-26 17:21:18 -0500},
	date-modified = {2020-03-31 13:32:45 -0500},
	doi = {10.1086/306987},
	eprint = {astro-ph/9811006},
	journal = {\apj},
	keywords = {COSMOLOGY: OBSERVATIONS, GALAXIES: ABUNDANCES, GALAXIES: ISM, GALAXIES: SPIRAL, H II REGIONS, ISM: ABUNDANCES, TECHNIQUES: SPECTROSCOPIC, Cosmology: Observations, Galaxies: Abundances, galaxies: ISM, galaxies: spiral, H II regions, ISM: Abundances, techniques: spectroscopic, Astrophysics},
	month = apr,
	number = {2},
	pages = {544-557},
	primaryclass = {astro-ph},
	title = {{On Measuring Nebular Chemical Abundances in Distant Galaxies Using Global Emission-Line Spectra}},
	volume = {514},
	year = 1999,
	Bdsk-Url-1 = {https://doi.org/10.1086/306987}}

@article{Fioc:1997,
	adsnote = {Provided by the SAO/NASA Astrophysics Data System},
	adsurl = {https://ui.adsabs.harvard.edu/abs/1997A&A...326..950F},
	archiveprefix = {arXiv},
	author = {{Fioc}, M. and {Rocca-Volmerange}, B.},
	date-added = {2020-03-26 17:21:18 -0500},
	date-modified = {2020-03-31 13:32:45 -0500},
	eprint = {astro-ph/9707017},
	journal = {\aap},
	keywords = {GALAXIES: EVOLUTION, INFRARED: GALAXIES, DUST, EXTINCTION, GALAXIES: STELLAR CONTENT, COSMOLOGY: MISCELLANEOUS, GALAXIES: FUNDAMENTAL PARAMETERS, Astrophysics},
	month = oct,
	pages = {507-519},
	primaryclass = {astro-ph},
	title = {{PEGASE: a UV to NIR spectral evolution model of galaxies. Application to the calibration of bright galaxy counts.}},
	volume = {500},
	year = 1997}

@article{Thurston:1996,
	adsnote = {Provided by the SAO/NASA Astrophysics Data System},
	adsurl = {https://ui.adsabs.harvard.edu/abs/1996MNRAS.283..990T},
	author = {{Thurston}, T.~R. and {Edmunds}, M.~G. and {Henry}, R.~B.~C.},
	date-added = {2020-03-26 17:21:18 -0500},
	date-modified = {2020-03-31 13:32:45 -0500},
	doi = {10.1093/mnras/283.3..990},
	journal = {\mnras},
	keywords = {HII REGIONS, GALAXIES: ABUNDANCES, GALAXIES: SPIRAL},
	month = dec,
	number = {3},
	pages = {990-1002},
	title = {{N/O in spiral discs: a new algorithm for abundance determinations}},
	volume = {283},
	year = 1996,
	Bdsk-Url-1 = {https://doi.org/10.1093/mnras/283.3..990}}

@article{Barnes:1996,
	adsnote = {Provided by the SAO/NASA Astrophysics Data System},
	adsurl = {https://ui.adsabs.harvard.edu/abs/1996ApJ...471..115B},
	author = {{Barnes}, Joshua E. and {Hernquist}, Lars},
	date-added = {2020-03-26 17:21:18 -0500},
	date-modified = {2020-03-31 13:32:45 -0500},
	doi = {10.1086/177957},
	journal = {\apj},
	keywords = {GALAXIES: INTERACTIONS, GALAXIES: STRUCTURE, HYDRODYNAMICS, METHODS: NUMERICAL},
	month = nov,
	pages = {115},
	title = {{Transformations of Galaxies. II. Gasdynamics in Merging Disk Galaxies}},
	volume = {471},
	year = 1996,
	Bdsk-Url-1 = {https://doi.org/10.1086/177957}}

@article{Mihos:1996,
	adsnote = {Provided by the SAO/NASA Astrophysics Data System},
	adsurl = {https://ui.adsabs.harvard.edu/abs/1996ApJ...464..641M},
	archiveprefix = {arXiv},
	author = {{Mihos}, J. Christopher and {Hernquist}, Lars},
	date-added = {2020-03-26 17:21:18 -0500},
	date-modified = {2020-03-31 13:32:45 -0500},
	doi = {10.1086/177353},
	eprint = {astro-ph/9512099},
	journal = {\apj},
	keywords = {GALAXIES: ACTIVE, GALAXIES: INTERACTIONS, GALAXIES: STARBURST, GALAXIES: STRUCTURE, METHODS: NUMERICAL, Astrophysics},
	month = jun,
	pages = {641},
	primaryclass = {astro-ph},
	title = {{Gasdynamics and Starbursts in Major Mergers}},
	volume = {464},
	year = 1996,
	Bdsk-Url-1 = {https://doi.org/10.1086/177353}}

@article{Storchi-Bergmann:1994,
	adsnote = {Provided by the SAO/NASA Astrophysics Data System},
	adsurl = {https://ui.adsabs.harvard.edu/abs/1994ApJ...429..572S},
	author = {{Storchi-Bergmann}, Thaisa and {Calzetti}, Daniela and {Kinney}, Anne L.},
	date-added = {2020-03-26 17:21:18 -0500},
	date-modified = {2020-03-31 13:32:45 -0500},
	doi = {10.1086/174345},
	journal = {\apj},
	keywords = {Abundance, Chemical Composition, Evolution (Development), Galactic Evolution, Metallicity, Optical Properties, Seyfert Galaxies, Spectral Energy Distribution, Star Formation Rate, Starburst Galaxies, Computation, Light (Visible Radiation), Near Infrared Radiation, Observatories, Photometry, Ultraviolet Radiation, Astrophysics, GALAXIES: ABUNDANCES, GALAXIES: EVOLUTION, GALAXIES: PHOTOMETRY, GALAXIES: STARBURST},
	month = jul,
	pages = {572},
	title = {{Ultraviolet to Near-Infrared Spectral Distributions of Star-forming Galaxies: Metallicity and Age Effects}},
	volume = {429},
	year = 1994,
	Bdsk-Url-1 = {https://doi.org/10.1086/174345}}

@article{Giovanelli:1994,
	adsnote = {Provided by the SAO/NASA Astrophysics Data System},
	adsurl = {https://ui.adsabs.harvard.edu/abs/1994AJ....107.2036G},
	author = {{Giovanelli}, Riccardo and {Haynes}, Martha P. and {Salzer}, John J. and {Wegner}, Gary and {da Costa}, Luiz N. and {Freudling}, Wolfram},
	date-added = {2020-03-26 17:21:18 -0500},
	date-modified = {2020-03-31 13:32:45 -0500},
	doi = {10.1086/117014},
	journal = {\aj},
	keywords = {Charge Coupled Devices, Disk Galaxies, H I Regions, Interstellar Extinction, Spiral Galaxies, Astronomical Photometry, Dark Matter, Astrophysics, GALAXIES: KINEMATICS AND DYNAMICS, GALAXIES: SPIRAL},
	month = jun,
	pages = {2036},
	title = {{Extinction in SC Galaxies}},
	volume = {107},
	year = 1994,
	Bdsk-Url-1 = {https://doi.org/10.1086/117014}}

@article{ODonnell:1994,
	adsnote = {Provided by the SAO/NASA Astrophysics Data System},
	adsurl = {https://ui.adsabs.harvard.edu/abs/1994ApJ...422..158O},
	author = {{O'Donnell}, James E.},
	date-added = {2020-03-26 17:21:18 -0500},
	date-modified = {2020-03-31 13:32:45 -0500},
	doi = {10.1086/173713},
	journal = {\apj},
	keywords = {Interstellar Extinction, Light (Visible Radiation), Near Infrared Radiation, Ultraviolet Radiation, Astronomical Photometry, Iue, Astrophysics, ISM: DUST, EXTINCTION},
	month = feb,
	pages = {158},
	title = {{R v-dependent Optical and Near-Ultraviolet Extinction}},
	volume = {422},
	year = 1994,
	Bdsk-Url-1 = {https://doi.org/10.1086/173713}}

@article{Zaritsky:1994,
	adsnote = {Provided by the SAO/NASA Astrophysics Data System},
	adsurl = {https://ui.adsabs.harvard.edu/abs/1994ApJ...420...87Z},
	author = {{Zaritsky}, Dennis and {Kennicutt}, Robert C., Jr. and {Huchra}, John P.},
	date-added = {2020-03-26 17:21:18 -0500},
	date-modified = {2020-03-31 13:32:45 -0500},
	doi = {10.1086/173544},
	journal = {\apj},
	keywords = {Abundance, H Ii Regions, Irregular Galaxies, Oxygen, Spiral Galaxies, Disk Galaxies, Emission Spectra, Metallicity, Stellar Luminosity, Astrophysics, GALAXIES: ABUNDANCES, GALAXIES: SPIRAL, ISM: H II REGIONS},
	month = jan,
	pages = {87},
	title = {{H II Regions and the Abundance Properties of Spiral Galaxies}},
	volume = {420},
	year = 1994,
	Bdsk-Url-1 = {https://doi.org/10.1086/173544}}

@article{Sutherland:1993,
	adsnote = {Provided by the SAO/NASA Astrophysics Data System},
	adsurl = {https://ui.adsabs.harvard.edu/abs/1993ApJS...88..253S},
	author = {{Sutherland}, Ralph S. and {Dopita}, M.~A.},
	date-added = {2020-03-26 17:21:18 -0500},
	date-modified = {2020-03-31 13:32:45 -0500},
	doi = {10.1086/191823},
	journal = {\apjs},
	keywords = {Cooling Flows (Astrophysics), Cosmic Plasma, Nonequilibrium Ionization, One Dimensional Flow, Plasma Slabs, Radiative Transfer, Charge Exchange, Electron Impact, Grid Generation (Mathematics), Hydrogen Recombinations, Ionization, Mathematical Models, Metallicity, Photoionization, Radiative Recombination, Rarefied Plasmas, Resonance Lines, Astrophysics, ATOMIC PROCESSES, GALAXIES: COOLING FLOWS, PLASMAS, RADIATIVE TRANSFER},
	month = sep,
	pages = {253},
	title = {{Cooling Functions for Low-Density Astrophysical Plasmas}},
	volume = {88},
	year = 1993,
	Bdsk-Url-1 = {https://doi.org/10.1086/191823}}

@article{McGaugh:1991,
	adsnote = {Provided by the SAO/NASA Astrophysics Data System},
	adsurl = {https://ui.adsabs.harvard.edu/abs/1991ApJ...380..140M},
	author = {{McGaugh}, Stacy S.},
	date-added = {2020-03-26 17:21:18 -0500},
	date-modified = {2020-03-31 13:32:45 -0500},
	doi = {10.1086/170569},
	journal = {\apj},
	keywords = {Abundance, H Ii Regions, Line Spectra, Oxygen Spectra, Forbidden Bands, Star Clusters, Stellar Spectra, Astrophysics, NEBULAE: ABUNDANCES, NEBULAE: H II REGIONS},
	month = oct,
	pages = {140},
	title = {{H II Region Abundances: Model Oxygen Line Ratios}},
	volume = {380},
	year = 1991,
	Bdsk-Url-1 = {https://doi.org/10.1086/170569}}

@article{Barnes:1991,
	adsnote = {Provided by the SAO/NASA Astrophysics Data System},
	adsurl = {https://ui.adsabs.harvard.edu/abs/1991ApJ...370L..65B},
	author = {{Barnes}, Joshua E. and {Hernquist}, Lars E.},
	date-added = {2020-03-26 17:21:18 -0500},
	date-modified = {2020-03-31 13:32:45 -0500},
	doi = {10.1086/185978},
	journal = {\apjl},
	keywords = {Galactic Evolution, Galactic Nuclei, Galactic Structure, Intergalactic Media, Star Formation, Starburst Galaxies, Angular Momentum, Astronomical Models, Gas Dynamics, Gravitational Effects, Astrophysics, GALAXIES: EVOLUTION, GALAXIES: FORMATION, GALAXIES: INTERACTIONS, GALAXIES: INTERGALACTIC MEDIUM, GALAXIES: INTERNAL MOTIONS, GALAXIES: NUCLEI, GALAXIES: STRUCTURE},
	month = apr,
	pages = {L65},
	title = {{Fueling Starburst Galaxies with Gas-rich Mergers}},
	volume = {370},
	year = 1991,
	Bdsk-Url-1 = {https://doi.org/10.1086/185978}}

@article{Beers:1990,
	adsnote = {Provided by the SAO/NASA Astrophysics Data System},
	adsurl = {https://ui.adsabs.harvard.edu/abs/1990AJ....100...32B},
	author = {{Beers}, Timothy C. and {Flynn}, Kevin and {Gebhardt}, Karl},
	date-added = {2020-03-26 17:21:18 -0500},
	date-modified = {2020-03-31 13:32:45 -0500},
	doi = {10.1086/115487},
	journal = {\aj},
	keywords = {Galactic Clusters, Position (Location), Radial Velocity, Robustness (Mathematics), Astronomical Coordinates, Normal Density Functions, Velocity Distribution, Astrophysics, GALAXIES: CLUSTERING},
	month = jul,
	pages = {32},
	title = {{Measures of Location and Scale for Velocities in Clusters of Galaxies---A Robust Approach}},
	volume = {100},
	year = 1990,
	Bdsk-Url-1 = {https://doi.org/10.1086/115487}}

@article{Cardelli:1989,
	adsnote = {Provided by the SAO/NASA Astrophysics Data System},
	adsurl = {https://ui.adsabs.harvard.edu/abs/1989ApJ...345..245C},
	author = {{Cardelli}, Jason A. and {Clayton}, Geoffrey C. and {Mathis}, John S.},
	date-added = {2020-03-26 17:21:18 -0500},
	date-modified = {2020-03-31 13:32:45 -0500},
	doi = {10.1086/167900},
	journal = {\apj},
	keywords = {Infrared Spectra, Interstellar Extinction, Ultraviolet Spectra, Visible Spectrum, Computational Astrophysics, Interstellar Matter, Iue, Astrophysics, INTERSTELLAR: MATTER, ULTRAVIOLET: SPECTRA},
	month = oct,
	pages = {245},
	title = {{The Relationship between Infrared, Optical, and Ultraviolet Extinction}},
	volume = {345},
	year = 1989,
	Bdsk-Url-1 = {https://doi.org/10.1086/167900}}

@article{Binette:1985,
	adsnote = {Provided by the SAO/NASA Astrophysics Data System},
	adsurl = {https://ui.adsabs.harvard.edu/abs/1985ApJ...297..476B},
	author = {{Binette}, L. and {Dopita}, M.~A. and {Tuohy}, I.~R.},
	date-added = {2020-03-26 17:21:18 -0500},
	date-modified = {2020-03-31 13:32:45 -0500},
	doi = {10.1086/163544},
	journal = {\apj},
	keywords = {Astronomical Models, Emission Spectra, Galactic Nuclei, Interstellar Gas, Shock Wave Propagation, Thermal Instability, Computational Astrophysics, Extreme Ultraviolet Radiation, Photoionization, Plasma Cooling, Radiative Transfer, Recombination Reactions, X Ray Sources, Astrophysics},
	month = oct,
	pages = {476-491},
	title = {{Radiative shock-wave theory. II. High-velocity shocks and thermal instabilities.}},
	volume = {297},
	year = 1985,
	Bdsk-Url-1 = {https://doi.org/10.1086/163544}}

@article{Baldwin:1981,
	adsnote = {Provided by the SAO/NASA Astrophysics Data System},
	adsurl = {https://ui.adsabs.harvard.edu/abs/1981PASP...93....5B},
	author = {{Baldwin}, J.~A. and {Phillips}, M.~M. and {Terlevich}, R.},
	date-added = {2020-03-26 17:21:18 -0500},
	date-modified = {2020-03-31 13:32:45 -0500},
	doi = {10.1086/130766},
	journal = {\pasp},
	keywords = {Astronomical Spectroscopy, Emission Spectra, Line Spectra, Quasars, Seyfert Galaxies, Classifications, H Ii Regions, Photoionization, Planetary Nebulae, Shock Heating, Astrophysics},
	month = feb,
	pages = {5-19},
	title = {{Classification parameters for the emission-line spectra of extragalactic objects.}},
	volume = {93},
	year = 1981,
	Bdsk-Url-1 = {https://doi.org/10.1086/130766}}

@article{Lequeux:1979,
	adsnote = {Provided by the SAO/NASA Astrophysics Data System},
	adsurl = {https://ui.adsabs.harvard.edu/abs/1979A&A....80..155L},
	author = {{Lequeux}, J. and {Peimbert}, M. and {Rayo}, J.~F. and {Serrano}, A. and {Torres-Peimbert}, S.},
	date-added = {2020-03-26 17:21:18 -0500},
	date-modified = {2020-03-31 13:32:45 -0500},
	journal = {\aap},
	keywords = {Astronomical Photometry, Chemical Composition, Compact Galaxies, Galactic Evolution, Galactic Structure, Stellar Spectrophotometry, Abundance, Carbon, H Ii Regions, Heavy Elements, Hydrogen Ions, Nitrogen, Oxygen, Astrophysics},
	month = dec,
	pages = {145-156},
	title = {{Reprint of 1979A\&amp;A....80..155L. Chemical composition and evolution of irregular and blue compact galaxies.}},
	volume = {500},
	year = 1979}

@article{Pagel:1979,
	adsnote = {Provided by the SAO/NASA Astrophysics Data System},
	adsurl = {https://ui.adsabs.harvard.edu/abs/1979MNRAS.189...95P},
	author = {{Pagel}, B.~E.~J. and {Edmunds}, M.~G. and {Blackwell}, D.~E. and {Chun}, M.~S. and {Smith}, G.},
	date-added = {2020-03-26 17:21:18 -0500},
	date-modified = {2020-03-31 13:32:45 -0500},
	doi = {10.1093/mnras/189.1.95},
	journal = {\mnras},
	keywords = {Emission Spectra, H Ii Regions, H Lines, Interstellar Gas, Spectrum Analysis, Spiral Galaxies, Abundance, Astronomical Catalogs, Data Reduction, Electron Energy, Hydrogen Ions, Magellanic Clouds, Nitrogen, Oxygen, Astrophysics, Galaxies:H II Regions, H II Regions:Oxygen, H II Regions:Spectra},
	month = oct,
	pages = {95-113},
	title = {{On the composition of H II regions in southern galaxies - I. NGC 300 and 1365.}},
	volume = {189},
	year = 1979,
	Bdsk-Url-1 = {https://doi.org/10.1093/mnras/189.1.95}}

@article{Alloin:1979,
	adsnote = {Provided by the SAO/NASA Astrophysics Data System},
	adsurl = {https://ui.adsabs.harvard.edu/abs/1979A&A....78..200A},
	author = {{Alloin}, D. and {Collin-Souffrin}, S. and {Joly}, M. and {Vigroux}, L.},
	date-added = {2020-03-26 17:21:18 -0500},
	date-modified = {2020-03-31 13:32:45 -0500},
	journal = {\aap},
	keywords = {Abundance, Galactic Evolution, Galaxies, Interstellar Gas, Nitrogen, Oxygen, Chemical Evolution, Galactic Nuclei, Gas Temperature, H Ii Regions, Interstellar Magnetic Fields, Line Spectra, Magellanic Clouds, Markarian Galaxies, Spectral Energy Distribution, Spiral Galaxies, Surface Temperature, Temperature Gradients, Astrophysics, Galaxies:Chemical Evolution, Galaxies:Element Abundances, H II Regions:Element Abundances},
	month = sep,
	pages = {200-216},
	title = {{Nitrogen and oxygen abundances in galaxies.}},
	volume = {78},
	year = 1979}

@article{Larson:1978,
	adsnote = {Provided by the SAO/NASA Astrophysics Data System},
	adsurl = {https://ui.adsabs.harvard.edu/abs/1978ApJ...219...46L},
	author = {{Larson}, R.~B. and {Tinsley}, B.~M.},
	date-added = {2020-03-26 17:21:18 -0500},
	date-modified = {2020-03-31 13:32:45 -0500},
	doi = {10.1086/155753},
	journal = {\apj},
	keywords = {Astronomical Models, Galactic Structure, Peculiar Galaxies, Star Formation, Star Formation Rate, Gravitational Effects, Star Distribution, Tides, Ubv Spectra, Astrophysics, Galaxies:Star Formation},
	month = jan,
	pages = {46-59},
	title = {{Star formation rates in normal and peculiar galaxies.}},
	volume = {219},
	year = 1978,
	Bdsk-Url-1 = {https://doi.org/10.1086/155753}}

@article{Toomre:1972,
	adsnote = {Provided by the SAO/NASA Astrophysics Data System},
	adsurl = {https://ui.adsabs.harvard.edu/abs/1972ApJ...178..623T},
	author = {{Toomre}, Alar and {Toomre}, Juri},
	date-added = {2020-03-26 17:21:18 -0500},
	date-modified = {2020-03-31 13:32:45 -0500},
	doi = {10.1086/151823},
	journal = {\apj},
	month = dec,
	pages = {623-666},
	title = {{Galactic Bridges and Tails}},
	volume = {178},
	year = 1972,
	Bdsk-Url-1 = {https://doi.org/10.1086/151823}}

@article{Salpeter:1955,
	adsnote = {Provided by the SAO/NASA Astrophysics Data System},
	adsurl = {https://ui.adsabs.harvard.edu/abs/1955ApJ...121..161S},
	author = {{Salpeter}, Edwin E.},
	date-added = {2020-03-26 17:21:18 -0500},
	date-modified = {2020-03-31 13:32:45 -0500},
	doi = {10.1086/145971},
	journal = {\apj},
	month = jan,
	pages = {161},
	title = {{The Luminosity Function and Stellar Evolution.}},
	volume = {121},
	year = 1955,
	Bdsk-Url-1 = {https://doi.org/10.1086/145971}}
